2956 5112
621 411 776 512 *22-

174 603 260 666 rans,
284 585 377 648 dicit:
401 583 434 646 ἐν
458 581 492 646 δὲ
516 583 571 646 καὶ
594 583 760 650 Αἰθιόπων
784 605 818 650 τε
841 585 896 648 καὶ
918 585 1100 670 Αἰγυπτίων
1133 587 1219 650 οἵτε

174 687 458 777 Ἑρμοτύβιεςκαό
480 690 519 766 οἱ
533 690 727 777 Καλασίριες
750 692 943 777 καλεόμενοι
972 693 1218 780 μαχαιροφόροι,
1278 781 1279 784 ¹

175 796 329 882 spectare
351 803 436 865 mihi
459 803 591 866 videtur
623 807 708 868 hunc
739 807 860 889 locum,
886 807 947 887 qui
975 807 1080 868 estin
1104 824 1130 869 c.
1155 807 1218 868 164

175 911 197 975 l.
220 911 268 976 II:
303 910 332 974 oi
362 910 397 974 δὲ
427 910 560 998 μαχιμοι
593 913 696 978 αὐτῶν
725 916 784 993 (sc.
816 911 1012 997 Αἰγυπτίων)
1043 911 1216 978 καλέονται

176 1021 234 1104 μὲν
257 1018 449 1105 Καλασίριές
478 1041 512 1085 τε
541 1021 597 1084 καὶ
628 1021 831 1110 Ἑρμοτύβιες
858 1021 928 1087 κτλ.
975 1025 1098 1088 Locum
1123 1025 1217 1088 illum
1312 1056 1314 1062 ¹

176 1132 218 1197 A.
233 1131 381 1197 Boucras
404 1133 460 1212 (cf.
482 1133 503 1197 l.
526 1153 554 1196 a.
570 1155 602 1218 p.
617 1134 676 1213 44)
699 1152 874 1218 perperam
900 1135 1137 1217 interpretatus
1161 1142 1220 1221 est,

177 1259 255 1304 eum
279 1247 420 1327 putaret,
443 1259 560 1305 vocem
589 1261 676 1325 quae
699 1249 748 1307 est
770 1240 963 1326 καλεόμενοι
986 1245 1154 1327 pertinere
1178 1243 1220 1306 ad

176 1349 424 1435 μαχαιροφόροι.

282 1462 333 1559 30.
366 1461 420 1524 Ex
443 1463 551 1544 capita
573 1463 614 1526 92
638 1463 658 1525 l.
682 1463 729 1527 VI
753 1467 787 1526 et
809 1481 852 1526 ex
875 1481 919 1527 co.
941 1464 981 1525 15
1005 1465 1037 1526 et
1060 1463 1101 1525 73
1124 1461 1220 1544 LIX,

176 1573 237 1635 ubi
269 1573 394 1635 mentio
428 1573 545 1636 incidit
579 1573 622 1637 de
652 1574 805 1658 Decelea,
838 1572 956 1656 elucet,
990 1574 1077 1636 hunc
1106 1573 1220 1636 locum

176 1679 362 1762 posteriore
394 1684 546 1761 tempore
579 1679 740 1760 scriptum
776 1697 849 1741 esse
879 1697 983 1761 quam
1013 1678 1099 1762 illos,
1132 1678 1163 1742 h.
1194 1697 1220 1740 e.

176 1793 356 1870 postquam
385 1806 496 1851 rerum
528 1788 785 1864 Deceleensium
815 1789 1037 1870 cognitionem
1067 1805 1163 1851 suam
1187 1792 1220 1850 et

177 1897 436 1978 intelligentiam
460 1899 554 1961 auxit
576 1897 777 1961 Herodotus.
820 1897 910 1960 Nam
925 1915 978 1962 res
992 1897 1057 1960 nisi
1078 1899 1128 1960 ita
1149 1914 1222 1960 sese

178 2007 329 2091 haberet⁷
352 2007 571 2091 Herodotum,
593 2010 630 2068 ut
645 2007 685 2071 A.
701 2005 923 2090 Kirclthoffius
945 2007 967 2069 l.
987 2026 1017 2070 a.
1038 2008 1220 2070 rectissime

178 2117 359 2200 annotavit,
388 2116 474 2179 illud
505 2115 767 2179 additamentum
791 2115 834 2178 de
857 2116 1004 2179 Decelea
1026 2117 1060 2178 in
1083 2135 1109 2180 c.
1133 2116 1173 2177 73
1198 2115 1220 2179 l.

177 2225 228 2288 IX
252 2226 371 2289 leviter
394 2245 563 2289 annexum
586 2228 654 2290 iam
677 2228 710 2289 in
733 2225 784 2290 IX
810 2227 848 2288 15
871 2226 927 2289 vel
950 2226 997 2290 VI
1019 2227 1060 2289 92
1084 2225 1218 2288 adiunc-

179 2340 293 2397 turum
324 2335 434 2419 fuisse‚
464 2334 677 2416 exploratum
709 2335 835 2398 habere
864 2333 952 2397 licet.
997 2332 1029 2397 0.
1057 2331 1218 2398 Hochcaic

178 2444 216 2524 (l.
231 2463 260 2508 a.
282 2466 313 2528 p.
329 2447 387 2524 65)
410 2462 475 2508 non
499 2445 642 2528 contigit,
665 2445 808 2508 utillud
834 2447 872 2508 A.
892 2441 1086 2527 Kirclcltoffi'i
1108 2443 1220 2506 redar-

180 2559 308 2636 gueret,
338 2553 428 2636 quod
459 2554 557 2634 dixit,
589 2559 691 2638 caput
722 2553 762 2616 73
786 2555 805 2618 l.
828 2552 878 2616 IX
900 2557 976 2637 post
997 2555 1219 2617 incursionem

180 2663 314 2726 demum
337 2661 681 2727 Lacedaemoniorum
711 2665 745 2726 in
768 2663 914 2726 Atticam
946 2680 1031 2726 anno
1053 2662 1118 2726 428
1147 2661 1220 2741 (vel

180 2775 288 2855 potius
312 2791 340 2835 a.
362 2774 437 2856 430,
460 2792 537 2836 curn
560 2792 589 2836 a.
611 2775 676 2837 428
698 2791 763 2837 nou
793 2791 906 2838 omnes
937 2773 1018 2836 fines
1042 2772 1144 2836 Attici
1167 2772 1220 2835 de·

180 2883 406 2962 vastarentur)
436 2882 561 2944 factam
593 2883 753 2963 scriptum
781 2899 852 2945 esse
883 2898 988 2965 posse,
1018 2899 1094 2942 cum
1116 2879 1220 2942 Hero-

180 2989 257 3053 doto
287 2990 379 3073 quod
401 2990 658 3056 Lacedaemonii
690 2993 762 3054 unis
793 2991 883 3073 agris
907 2989 1074 3053 Deceleae
1104 3008 1219 3071 peper-

180 3100 308 3184 cissent,
330 3106 398 3164 tam
422 3103 637 3184 conspicuum
660 3101 862 3164 miraculum
887 3118 959 3164 esse
979 3099 1158 3184 videretur,
1183 3105 1219 3165 ut

180 3213 250 3271 tum
263 3207 399 3272 demum
414 3212 448 3272 in
464 3212 550 3273 hunc
561 3194 684 3291 pagum
701 3228 878 3273 convorsus
894 3228 948 3274 res
964 3210 1219 3274 Deceleensium

179 3317 367 3381 accuratius
390 3319 582 3400 exquireret
604 3324 638 3382 et
660 3318 870 3402 explorarem
899 3335 978 3380 nam
1009 3318 1074 3381 nisi
1093 3319 1142 3382 ita
1164 3337 1218 3381 ras

180 3432 274 3511 esset,
302 3446 361 3491 nos
391 3427 618 3491 intellecturos
648 3446 713 3491 non
741 3445 820 3511 esse,
855 3445 914 3491 cur
943 3428 1003 3491 illa
1029 3429 1146 3510 capitis
1179 3429 1220 3491 73

179 3536 336 3618 digressio
358 3553 423 3600 non
445 3539 514 3600 iam
538 3539 639 3620 capiti
663 3540 713 3622 15,
744 3537 803 3600 ubi
833 3539 913 3599 item
939 3537 980 3600 de
1003 3539 1153 3602 Decelea
1174 3539 1220 3602 lo-

179 3651 338 3728 queretur
353 3646 550 3731 Herodotus,
573 3647 688 3712 addita
704 3652 798 3712 esset.
843 3645 968 3712 Contra
982 3648 1022 3712 ’0.
1039 3647 1219 3713 Hochczius

178 3756 266 3841 dicit,
298 3756 526 3840 „Herodotum
555 3775 620 3820 non
643 3757 687 3820 ad
710 3757 830 3821 eadem
853 3756 998 3841 nomina,
1029 3758 1087 3823 sed
1111 3756 1155 3821 ad
1177 3757 1219 3820 si-

178 3866 273 3928 miles
307 3883 360 3928 res
390 3865 609 3948 digressiones
642 3869 819 3930 annectere
847 3865 972 3948 solere3
1005 3867 1088 3949 quid
1123 3869 1217 3931 bene·

177 3975 288 4037 licium
310 3975 563 4038 Deceleensium
587 3994 667 4057 erga
689 3975 971 4039 Lacedaemonios
994 3977 1036 4039 ad
1052 3976 1219 4040 Mandonii

179 4101 237 4164 per
259 4084 439 4162 Deceleam
472 4103 639 4149 recessum
671 4084 881 4168 pertinerem
930 4087 973 4151 At
1004 4087 1083 4169 quid
1106 4087 1219 4149 simili-
