875 1356
470 128 492 144 84

219 171 283 191 pontias
294 171 381 192 quasdam,
392 175 434 192 quas
442 171 536 187 invenimus
547 171 564 186 in
577 171 623 187 libris
635 171 676 190 eius,
688 175 724 187 non
736 176 745 187 e

220 198 276 214 medio
288 198 354 214 tolleret
366 199 395 214 aut
406 203 450 219 qnae
461 199 545 220 pollicitus
557 200 587 219 est,
601 202 634 214 non
646 203 703 219 usque
715 199 744 214 im-

219 225 278 246 pleret.
301 226 357 241 Facile
372 226 416 242 enirn
432 226 524 247 intellegas,
538 226 553 242 si
564 225 646 242 Herodoti
660 226 746 242 historiae

220 253 252 268 ista
264 257 315 273 quam
331 253 356 269 illi
368 253 426 269 volunt
441 254 506 269 ratione
519 253 604 269 confectae
615 254 673 274 essent,
690 253 744 269 Hero-

219 280 277 296 dotum
289 285 317 296 aas
329 282 432 297 retexentem
447 281 513 301 penitus
528 281 622 302 perspicere
634 282 651 296 et
662 285 745 301 recogno-

219 312 265 324 scere
277 308 360 329 debuisse,
376 310 393 324 ut
404 308 470 324 videret
486 308 602 324 additamenta
617 313 648 324 sua
662 309 680 324 et
696 308 744 324 locos

219 335 293 356 legentes
309 336 342 352 hue
354 336 381 352 vel
396 336 437 352 illuc
448 336 537 357 delegandi
552 341 603 352 causa
614 337 696 356 ascriptos
709 340 744 357 quo

219 368 304 384 quemque
313 364 349 380 loco
356 363 419 380 addere
427 364 504 385 deberet3
515 364 560 380 unde
567 364 602 380 sine
611 363 664 380 dubio
676 364 743 380 factum

219 392 267 412 esset,
277 392 296 407 ut
307 391 427 412 discrepantias
439 391 477 407 illas
488 393 506 407 et
517 391 625 413 repetitiones
640 396 699 407 rerum
712 391 744 406 ml-

219 418 277 434 lendas
291 419 438 435 animadversurus
454 420 471 435 et
486 423 504 434 re
519 423 560 435 vera.
574 419 670 435 sublaturus
685 418 744 434 fuerit.

219 445 263 461 Nam
278 446 313 462 sine
328 446 392 462 iudicio
409 447 461 467 atque
475 446 544 462 oonsilio
560 446 611 462 libras
626 450 664 462 suos
679 447 744 462 retrac-

219 474 263 489 tasse
274 473 383 494 Herodotum,
399 475 417 489 ut
427 473 448 490 A.
459 474 533 490 Bauerus
548 473 566 493 (Ι.
577 478 592 490 a.
606 478 621 494 p.
636 474 657 489 38
672 475 689 489 et
702 473 744 493 106)

219 502 279 522 censet,
289 501 321 516 hoc
332 501 371 521 quis
382 502 407 517 est
418 501 448 522 qui
460 501 518 517 credat
525 501 533 516 ἱ)

271 527 320 549 Quod
332 528 426 545 Herodotus
439 533 466 544 res
481 528 502 544 ab
515 528 587 548 Assyriis
598 529 657 549 μείω,
670 533 714 549 quas
726 532 743 543 se

219 556 337 572 enarraturum
351 560 386 572 esse
398 556 414 571 in
426 560 449 571 cc.
461 555 492 571 106
504 557 520 571 et
532 555 563 573 184
574 556 585 571 l.
596 555 604 571 1
615 555 701 576 pollicitus
714 556 744 575 est,

219 587 251 599 nan
266 583 319 599 literis
334 583 426 604 mandavit,
442 587 482 599 sane
499 583 543 599 haud
557 583 592 599 scio
606 587 628 599 an
642 587 675 599 non
690 583 743 598 liceat

219 611 266 627 nobis
277 615 344 627 sumere
355 610 375 627 A.
386 610 506 631 Kirchhofflum
521 611 539 630 (l.
552 615 567 626 a.
578 616 593 631 p.
603 611 622 631 5)
637 611 654 626 et
665 610 683 626 0.
695 610 743 627 Νίκ-

219 638 280 654 schium
295 638 314 657 (1,
329 643 343 654 a.
358 643 373 658 p.
387 638 415 657 16]
430 638 495 659 secutis,
510 638 614 654 Herodotum
628 642 656 654 eas
672 642 743 654 narrare

219 665 318 686 simpliciter
329 665 401 682 oblitum
414 670 454 682 esse.
476 666 545 682 Rectius
561 666 604 682 unde
619 666 681 682 factum
694 666 742 685 esset,

219 695 246 712 ut,
256 693 352 709 Herodotus
368 693 413 714 quod
429 694 446 709 iu
463 693 507 709 libro
521 693 530 709 1
545 693 628 714 pollicitus
643 694 691 713 esset,
709 697 742 709 non

219 720 320 741 praestiterit
331 720 374 736 mihi
385 720 406 737 K.
420 720 444 737 W,
456 720 547 737 Nitzschn'us
561 720 580 740 (l.
592 725 606 736 a.
617 726 633 741 p.
644 720 684 741 239)
695 720 742 736 vide-

219 749 247 764 tur
258 748 376 769 interpretatus
387 752 428 768 esse,
440 748 469 769 qui
481 748 527 764 dicit:
540 748 567 768 „Si
574 748 628 764 altera
636 752 675 769 pars
683 748 741 769 operis

221 775 301 791 Herodoti
313 774 334 790 ab
347 779 361 790 a.
372 774 498 796 431—4281427
509 775 561 795 idque
569 774 639 790 Athenis
646 774 741 795 conscripta

221 803 249 823 est,
265 806 332 823 prorsus
348 802 382 818 alia
397 804 492 823 temporum
507 802 571 818 ratione
586 807 637 823 quam
650 802 679 817 illa
693 802 741 823 prior

220 830 280 845 exorta
291 830 319 845 est
330 838 352 840 —
366 829 447 845 Exn-emo
462 829 506 845 enim
520 829 606 850 decennio,
621 834 654 850 quo
666 829 740 845 Pericles

219 855 342 877 rempublicam
360 855 488 871 Atheniensium
504 855 638 876 administrabat,
657 860 690 871 una
709 859 740 875 res,

219 883 230 899 i.
241 887 255 898 e.
266 882 346 904 simultas,
357 883 374 898 in
385 887 419 904 qua
431 883 542 899 Athenienses
553 887 592 899 cum
603 882 740 898 Lacedaemoniis

219 911 275 931 erant,
291 910 366 926 omnium
383 910 485 926 Graecorum
502 910 566 926 animos
583 910 636 931 magis
653 910 740 931 magisque

219 937 318 958 exercebat3
333 942 367 958 quo
381 937 445 953 factum
460 938 489 959 est,
504 938 522 953 ut
537 937 631 953 Herodotus
645 937 740 953 narratione

219 964 252 981 alio
264 964 329 981 deflexa
340 970 382 986 opus
389 970 439 981 suum
447 965 464 981 in
472 965 507 981 dies
515 966 642 986 approperaret,
653 965 672 980 ut
683 969 740 980 rerum

219 992 241 1009 ab
253 992 326 1013 Assyriis
337 993 422 1013 gestarum
433 992 498 1009 ratione
506 997 539 1009 nou
547 992 605 1008 habita
615 991 740 1013 expeditionem

219 1024 230 1035 a
240 1020 297 1035 Dareo
308 1019 326 1035 in
337 1019 409 1040 Scythas
421 1021 516 1041 susceptam
532 1021 548 1036 et
560 1020 668 1036 rebellionem
679 1019 739 1035 Jonum

219 1048 316 1068 persecutus
328 1051 379 1068 quam
391 1047 479 1063 celerrime
490 1047 604 1063 narrationem
615 1052 664 1063 suam
674 1047 692 1062 in
703 1047 739 1068 ipsa
