2956 5112
605 447 759 544 *nr-

260 618 382 684 Contra
413 621 471 683 ubi
493 620 896 704 Herodotus-logentium
929 624 1055 686 animos
1085 622 1200 687 adver·

157 732 228 791 tere
245 727 316 790 vult
332 726 373 791 ad
390 728 645 792 similitudinem
665 748 794 794 morum
819 748 906 813 quaa
929 732 1014 793 inter
1037 731 1123 793 hano
1146 731 1202 794 vel
1321 722 1325 729 ’

156 835 252 898 illam
278 839 413 917 gentem
426 837 611 922 intercedit,
634 837 688 900 vel
704 838 747 901 ad
763 856 816 901 res
833 837 995 920 quasdam
1017 839 1202 920 cognitione

156 947 274 1028 dignas
304 965 412 1029 neque
444 946 486 1010 ad
518 947 746 1036 antecedentia
780 956 839 1010 aut
869 948 912 1012 ad
944 949 1115 1030 sequentia
1145 966 1202 1012 eos

157 1057 316 1140 delegare
339 1061 457 1141 potest,
479 1058 551 1138 ipso
576 1059 648 1121 loco
672 1077 759 1140 qnae
777 1059 910 1144 similia,
935 1077 1023 1140 quae
1038 1076 1202 1122 memora·

156 1165 242 1231 bilia
258 1165 323 1228 siut
339 1182 524 1246 proponere
539 1166 588 1228 sol
611 1171 631 1228 t.
668 1165 733 1243 (of.
748 1185 850 1248 supra
868 1187 915 1229 nr.
938 1169 983 1245 6).
1026 1165 1073 1228 Ut
1097 1187 1199 1228 unum

122 1267 124 1274 ⁴
157 1274 352 1358 exemptum
378 1274 527 1359 afferam,
557 1294 634 1338 cum
657 1277 719 1357 ipsi
743 1295 830 1358 quae
860 1280 1013 1338 auctores
1037 1273 1201 1338 Chaldaei

157 1386 190 1448 ei
213 1390 431 1448 narraverant
460 1384 601 1469 (1182),
633 1387 752 1448 Belum
785 1385 888 1448 deum
915 1384 1096 1466 aliquando
1125 1402 1199 1448 uoc-

157 1500 254 1557 turno
278 1498 429 1574 tempore
452 1493 608 1556 feminam
627 1493 817 1575 indigenam
842 1494 885 1557 ab
907 1496 978 1576 ipso
1003 1494 1145 1556 electam
1168 1495 1200 1556 in

156 1603 282 1685 templo
314 1621 373 1666 suo
398 1605 582 1682 praesentia
611 1602 743 1684 dignari
771 1621 843 1686 sua,
873 1621 893 1664 a
923 1602 989 1665 fida
1018 1603 1203 1666 abhorrere

155 1713 344 1794 videantur⁷
375 1716 485 1775 tamen
516 1714 671 1776 continuo
695 1711 799 1796 addit,
831 1713 1013 1794 Aegyptios
1038 1710 1129 1775 idem
1153 1713 1198 1774 ia-

156 1839 233 1884 cere
258 1821 381 1884 Thebis
403 1821 522 1883 ‚Iovem
546 1839 742 1902 persuasum
766 1822 910 1903 habere3
936 1839 1084 1904 namque
1108 1820 1203 1886 dicit:

156 1931 234 2013 φασί
256 1929 291 1992 δὲ
315 1929 344 1992 οἱ
367 1929 456 1993 αὐτοί
475 1931 560 1992 οῦτοι
584 1932 642 2009 (sc.
658 1927 845 2018 Χαλδαῖοι)7
869 1929 939 2013 ἐμοί
964 1931 1018 2014 μὲν
1046 1931 1082 1992 οὐ
1105 1931 1201 1993 πιστὰ

157 2038 313 2124 λέγοντες,
344 2043 398 2104 τὸν
421 2039 499 2103 θεὸν
523 2039 618 2102 αὐτὸν
643 2048 752 2123 φοιτᾶν
776 2060 810 2102 τε
834 2039 865 2116 ἐς
888 2042 942 2103 τὸν
966 2042 1041 2124 νηὸν
1066 2040 1123 2103 οιαὶ
1146 2041 1202 2124 ἀμ-

157 2149 319 2213 παύεσθαι
354 2149 405 2212 ἐπί
437 2159 494 2232 τῆς
529 2147 654 2233 κλίνης,
694 2147 904 2232 κατάπερ
943 2149 985 2212 ἐν
1025 2146 1203 2236 Θήβῃσι

158 2269 259 2344 τῇσι
283 2258 570 2346 Αἰγυπτίῃσι
592 2260 676 2322 κατὰ
691 2259 745 2322 τὸν
761 2259 855 2321 αὐτὸν
872 2257 999 2342 τρόπον,
1016 2257 1058 2334 ὡς
1071 2258 1203 2343 λέγουσι

159 2369 188 2432 οἱ
211 2369 385 2455 Αἰγύπτιοι·
409 2370 486 2433 καί
516 2371 599 2454 γὰρ
631 2366 680 2452 δὴ
712 2367 871 2430 ἐκεῖθι
901 2377 1130 2452 κοιμᾶται
1159 2367 1202 2432 ἐν

157 2488 212 2563 τῷ
243 2487 322 2542 τοῦ
353 2479 456 2556 Διὸς
483 2487 561 2542 τοῦ
585 2474 817 2563 Θηβαιέος
847 2477 980 2561 γυνή,
1014 2476 1202 2562 ἀμφότε-

158 2611 233 2674 ραι
267 2589 313 2653 δὲ
347 2591 483 2652 αὗται
517 2586 739 2672 λέγονται
777 2584 952 2669 ἀνδρῶν
989 2587 1202 2671 οὐδαμῶν

158 2701 201 2776 ἐς
235 2698 427 2783 ὁμιλίαν
463 2707 654 2783 φοιτᾶν,Ι
683 2702 777 2762 cuius
811 2701 861 2761 rei
892 2718 944 2762 res
975 2699 1203 2782 Aegyptiacae

159 2812 348 2876 describens
379 2811 507 2873 nullam
536 2812 614 2873 facit
637 2810 849 2872 mentionem.
895 2808 982 2892 Quid
1005 2811 1110 2892 ergo?
1142 2812 1203 2873 hoc

159 2939 295 3004 quoque
310 2925 545 2984 retractantem
560 2920 693 2984 demum
707 2920 809 2982 libros
825 2936 901 2982 suos
917 2917 1086 2982 addidisse
1098 2918 1201 2982 Hero-

158 3031 274 3092 dotum
298 3029 408 3092 dicent
431 3031 469 3093 Α.
488 3029 635 3093 Ronanus
658 3033 690 3092 et
713 3027 745 3092 C.
761 3027 963 3092 Hocdeaios‘?
986 3027 1112 3090 Nema
1135 3045 1202 3110 quo

158 3140 221 3204 nisi
247 3141 290 3203 ab
316 3139 493 3223 Aegyptiis
523 3140 603 3223 ipsis
628 3137 714 3202 illud
747 3139 946 3219 comperisse
978 3157 1055 3201 eum
1085 3136 1203 3201 dicas?

159 3249 205 3313 At
228 3255 263 3312 ut
286 3253 483 3312 retractaret
505 3267 586 3331 opus
610 3267 718 3332 suurn⁷
743 3267 801 3310 cur
823 3247 907 3310 illud
932 3244 1201 3311 additamentum

158 3379 223 3424 non
258 3357 458 3440 adiungeret
495 3357 639 3421 historiis
675 3357 908 3441 Aegyptiacis,
942 3374 1030 3440 quae
1064 3357 1202 3440 quidem

159 3471 251 3549 ipsae
277 3485 337 3548 per
359 3485 395 3530 se
419 3467 655 3548 corpusculum
673 3467 827 3529 omuibus
843 3469 992 3528 numeris
1011 3464 1204 3528 absolutum

159 3577 291 3640 efficere
314 3575 499 3639 dicuutur?
762 3625 765 3630 i

263 3687 314 3748 14.
360 3683 457 3767 Quod
489 3687 524 3748 in
556 3705 582 3748 c.
611 3685 654 3746 44
681 3685 702 3748 l.
731 3685 777 3749 IV
808 3687 1057 3766 scriptumest:
1089 3690 1146 3765 τῆς
1170 3680 1204 3746 δὲ

159 3790 270 3874 ιΑσίης
297 3793 341 3855 ’τὰ
369 3790 479 3854 πολλὰ
507 3791 568 3855 ὑπὸ
592 3790 726 3876 Δαρείου
755 3789 918 3875 ἐξευρέθη,
949 3791 983 3865 ὃς
1011 3787 1205 3876 βουλόμενος

158 3897 1206 3983 Ἰνδὸνποταμόν,ὃςιιροκοδείλουςδεύτεροςοῦτος
1296 3925 1298 3933 v

161 4017 313 4094 ποταμῶν
344 4010 470 4074 ποίντιον
501 4007 688 4095 παρέχεται,
717 4017 829 4073 τοῦτον
860 4009 1003 4092 ποταμὸν
1030 4005 1145 4070 εἰδέναι
1167 4014 1205 4089 τῇ

162 4119 194 4194 ἐς
216 4118 387 4182 θάλασσαν
419 4119 541 4185 ἐκδιδοῖ
568 4119 649 4198 nsit„
684 4120 761 4184 inde
791 4121 885 4184 nobis
916 4118 1106 4185 necessario
1130 4136 1204 4182 cou-
