2956 5112
618 395 773 495 A

181 605 224 615 —
254 573 287 632 et
310 568 383 634 cur.
406 569 541 634 Roeeeus
572 569 610 649 (1.
641 589 670 634 a.
700 592 731 654 p.
762 569 817 652 18)
848 570 891 634 ad
921 571 994 635 eius
1024 573 1221 637 sententiam
1342 633 1345 638 .

183 678 380 742 aceedit-
402 679 491 742 hunc
514 679 628 742 locum
644 697 746 762 quem
768 680 913 762 legimus
935 683 970 745 in
993 700 1020 746 e.
1044 683 1085 745 73
1109 683 1130 745 l.
1152 682 1219 747 IX:

182 786 309 851 ἀτέλειά
331 808 366 851 τε
388 787 443 850 καὶ
466 787 617 872 προεδρίη
641 789 698 871 (sc.
713 787 894 866 Δεκελέων)
918 788 1070 854 διατελέει
1094 791 1125 868 ἐς
1147 790 1221 855 τόδε

182 897 232 960 ἀεὶ
254 898 298 961 ἔτι
321 898 430 981 ἐοῦσα,
452 918 627 983 nunqnam
642 899 705 964 nisi
722 904 799 963 ante
822 900 952 965 bellurn
967 902 1221 986 Peloponnesia-

181 1028 259 1072 cum
283 1013 437 1073 exortum
452 1010 616 1093 seriptum
631 1027 701 1074 esse
723 1028 830 1096 posse,
853 1029 932 1074 curn
946 1011 1142 1077 immunitas
1162 1013 1223 1076 illa

182 1120 333 1184 omnium
354 1138 478 1205 rerum,
511 1139 615 1202 quam
637 1121 856 1183 Deceleenses
887 1120 1031 1205 Spartae
1053 1127 1223 1199 versantes

182 1229 361 1313 habebant,
381 1229 472 1292 bello
495 1230 667 1294 saeviente
689 1229 749 1291 vix
766 1229 809 1293 ad
827 1231 985 1294 effectum
1001 1230 1150 1295 adducta
1172 1233 1224 1296 sit.

181 1340 225 1402 At
247 1358 325 1402 cum
354 1331 441 1402 illud
463 1338 810 1402 Lacedaemoniorum
840 1339 1015 1403 decretum
1038 1340 1222 1424 aliqnando

181 1449 348 1513 abolitum
370 1468 441 1512 esse
463 1448 596 1513 omnino
619 1457 787 1532 nusquam
808 1449 970 1535 legamus,
992 1451 1089 1515 nobis
1113 1450 1222 1514 dicen·

177 1557 263 1623 ,dum
285 1564 344 1644 est,
373 1559 459 1622 illud
486 1559 743 1623 Deceleensium
772 1561 975 1624 beneficium
1004 1561 1109 1624 etiam
1132 1563 1220 1625 bello

180 1675 298 1733 exorto
320 1669 543 1754 permansisse
567 1673 600 1733 et
621 1673 735 1732 ratum
750 1669 863 1755 fuisse,
886 1689 1096 1754 quamquam
1118 1672 1221 1734 nemi-

179 1799 257 1844 nem
278 1779 535 1842 Deceleensium
555 1781 591 1841 in
613 1779 673 1842 illo
696 1783 848 1864 tempore
870 1780 947 1844 iure
968 1781 1035 1843 sibi
1065 1798 1221 1845 concesso

181 1909 281 1953 usum
302 1908 373 1952 esse
402 1890 616 1973 exploratum
647 1889 773 1952 habere
803 1890 891 1954 licet.
935 1889 1151 1954 Manifestum
1174 1896 1224 1954 est

181 2000 266 2062 haec
288 1999 394 2062 verba
414 2016 506 2081 quae
528 1999 588 2060 illa
610 1999 643 2060 in
668 2002 821 2062 extremo
834 1999 956 2082 capite
980 2000 1056 2064 731.
1074 2000 1126 2064 IX
1148 2019 1223 2064 con-

181 2109 275 2171 tinuo
307 2108 496 2192 excipiunt:
531 2107 614 2170 οὕτω
645 2106 727 2169 ὥστε
757 2106 812 2169 καὶ
843 2105 874 2183 ἐς
905 2109 959 2172 τὸν
994 2106 1137 2192 πόλεμον
1167 2111 1222 2173 τὸν

182 2219 313 2301 ὕστερον
335 2214 486 2279 πολλοῖσι
515 2217 597 2280 ἔτεσι
620 2215 740 2280 τούτων
769 2215 940 2300 γενόμενον
965 2215 1167 2302 Ἀθηναίοισί
1188 2240 1223 2282 τε

182 2329 237 2392 καὶ
260 2326 543 2411 Πελοποννησίοισι
567 2373 574 2388 .
599 2373 606 2388 .
632 2373 639 2390 .
663 2324 820 2410 Δεκελέης
843 2325 1026 2412 ἀπέχεσθαι
1049 2349 1223 2412 nunquam

182 2441 246 2504 nisi
275 2440 365 2503 bello
391 2438 675 2520 Peloponnesiaco
706 2442 823 2501 exorto
853 2438 1081 2522 scripta‘esse
1111 2457 1223 2522 posse3

182 2551 209 2614 si
232 2550 337 2631 igitur
360 2548 399 2611 A.
415 2547 537 2611 Bauerl
559 2547 760 2610 sententiam
782 2548 942 2631 sequaris,
965 2565 1089 2632 ponere
1111 2549 1223 2632 debes,

182 2657 392 2722 Herodotum
422 2657 506 2720 haec
528 2657 635 2719 verba
663 2659 903 2720 retractantem
933 2654 1037 2719 libros
1069 2675 1146 2720 suos
1167 2657 1223 2720 ad·

183 2767 315 2831 didisse.
362 2768 405 2830 At
428 2768 487 2848 qui
505 2767 631 2829 factum
647 2784 719 2830 esse
734 2765 836 2850 dicas,
858 2770 896 2828 ut
912 2765 1104 2830 Herodotus
1126 2766 1222 2851 illud,

184 2874 318 2961 quoda
341 2892 420 2938 vero
444 2875 609 2938 abhorere
632 2875 670 2938 A.
687 2874 835 2938 Bouerus
852 2880 963 2938 censet
986 2875 1099 2957 quoad
1123 2877 1223 2958 perti-

182 2991 261 3050 neat
283 2985 327 3048 ad
349 2985 478 3049 bellum
502 2984 833 3068 Peloponnesiacum,
856 2985 1042 3048 tollendum
1066 3003 1224 3049 essenon

183 3094 468 3176 animadverterit,
492 3094 556 3157 hoc
572 3094 729 3159 continuo
746 3094 979 3157 annotaverit?
998 3130 1042 3138 -
1068 3093 1223 3158 Attamen

183 3205 320 3270 remotis
343 3203 395 3265 his
417 3203 572 3266 omnibus
588 3202 666 3266 inde
691 3203 781 3286 quod
802 3203 993 3267 Herodotus
1015 3205 1168 3288 inprimis
1190 3206 1224 3266 in

185 3335 230 3378 ec.
254 3313 442 3377 153—170
465 3312 485 3376 l.
508 3311 574 3375 VII
597 3328 649 3376 res
672 3311 808 3375 Italicas
831 3317 864 3374 st
880 3311 1070 3376 Sicilienses
1092 3313 1224 3396 penitus

185 3425 335 3506 cognitas
357 3421 469 3506 habet,
492 3426 610 3506 aperte
633 3421 753 3505 elucet,
776 3441 855 3484 enm
879 3423 937 3486 hos
959 3423 1050 3485 locos
1073 3428 1146 3485 tum
1168 3423 1223 3487 de-

182 3553 286 3617 mum,
309 3550 386 3594 cum
409 3531 481 3614 ipse
503 3531 537 3593 in
561 3530 662 3592 ltalia
677 3530 841 3594 'inferiore
858 3535 891 3594 et
906 3531 1024 3594 Sicilia
1046 3531 1221 3616 fueratis

184 3641 276 3726 quod
305 3644 380 3724 post
410 3658 536 3703 annum
567 3637 630 3702 443
661 3640 789 3701 factum
815 3657 886 3704 esse
909 3641 996 3703 inter
1019 3658 1132 3703 onmes
1154 3641 1223 3704 fere

183 3754 321 3834 constat,
350 3766 414 3812 non
446 3766 486 3811 eo
516 3749 585 3810 iam
614 3751 765 3831 tempore
795 3766 862 3831 quo
895 3768 974 3810 cum
1004 3747 1064 3810 alii
1087 3752 1157 3810 tum
1184 3750 1223 3811 A.

184 3860 330 3924 Bcvueros
346 3860 431 3922 hanc
445 3863 578 3943 partem
593 3857 811 3930 historiarum
830 3858 902 3921 eius
916 3857 1137 3942 compositam
1152 3877 1223 3922 esse

183 3969 309 4053 volunt,
334 3969 504 4053 scripsisse
527 3969 621 4031 nobis
647 3966 899 4031 eoncedendum
916 3987 996 4053 esse,
1024 3967 1223 4052 praesertim

185 4097 262 4140 eum
273 4079 397 4142 multas
408 4099 461 4144 res
474 4081 538 4144 hoe
553 4081 628 4142 loco
640 4082 792 4142 narratas
804 4079 847 4142 ab
860 4077 990 4141 italicis
1003 4081 1134 4140 tantum
1146 4095 1222 4140 aue-
