2956 5112
608 425 763 522 *2-5-

157 615 220 661 reo
242 600 401 678 regnante
424 595 623 660 rebellantes
652 598 686 658 in
708 599 909 677 potestatem
928 597 1107 660 Persarum
1132 595 1203 660 red-

160 710 252 768 actos
276 705 348 767 esse
371 703 554 790 memoriae
575 702 734 788 prodidit,
766 703 862 766 addit
885 704 987 768 haee:
1011 701 1129 766 οὕτω
1152 702 1203 788 δὴ

157 815 207 876 τό
237 810 396 896 τρίτον
426 808 578 886 Ἴωνες
607 809 1070 896 κατεδουλώθησαν,
1099 819 1205 896 πρώ-

157 944 236 987 τον
272 922 348 1006 μέν
384 920 467 985 ὑπὸ
498 921 677 1004 Λυδῶν,
716 920 784 999 δὶς
820 919 867 984 δέ
899 921 1068 1007 ἐπεξῆς
1098 920 1203 987 τότε

158 1030 244 1092 ortt
268 1027 509 1113 Περσέων,
533 1028 653 1112 quibus
676 1030 787 1094 verbis
811 1031 1070 1115 ipsesignifioat,
1092 1049 1128 1094 se
1150 1031 1204 1093 Jo-

159 1160 217 1204 nes
239 1143 308 1206 iam
331 1140 502 1222 superiore
526 1145 677 1221 tempore
699 1139 751 1203 bis
773 1141 806 1202 in
830 1141 1027 1204 servitutem
1050 1140 1204 1204 incidisse

158 1253 227 1315 iam
251 1269 351 1331 supra
373 1250 581 1328 narravisse;
608 1249 643 1312 id
667 1249 755 1333 quod
780 1267 899 1312 revera
921 1269 985 1313 usu
1007 1251 1105 1334 veuit,
1128 1269 1204 1313 oum

159 1363 261 1424 Jonas
285 1357 409 1438 Croesi,
439 1361 472 1422 in
496 1379 540 1423 en.
564 1361 584 1424 6
606 1366 639 1423 ot
662 1361 713 1444 26,
735 1361 768 1422 in
791 1379 818 1424 o.
841 1360 882 1422 69
906 1359 926 1424 l.
949 1360 975 1442 Ι,
998 1359 1080 1442 Cyri
1102 1360 1203 1423 didio-

159 1473 211 1534 nis
235 1471 339 1535 fartos
362 1489 435 1533 esse
457 1469 676 1533 inveniamus.
733 1458 735 1471 ¹

266 1581 316 1644 22.
360 1579 475 1645 Verba
498 1597 587 1662 quae
610 1580 751 1662 legimus
774 1581 810 1641 in
834 1598 860 1642 ο.
882 1579 925 1642 43
940 1580 962 1642 l.
978 1580 1039 1645 VI:
1063 1578 1203 1643 ἐνθαῦτα

157 1688 306 1773 μέγιστον
331 1687 448 1772 θώυμα
472 1687 551 1773 ἐρέω
575 1693 701 1752 τοῖσι
725 1690 775 1773 μὴ
800 1687 1205 1772 ἀποδεκομένοισι

155 1789 390 1881 Ἑλλήνων
436 1796 654 1882 Περσέων
699 1807 825 1862 τοῖσι
865 1795 979 1861 ἑπτὰ
1015 1796 1204 1864 Ὀτάνεα

156 1906 341 1992 γνώμην
365 1905 721 1989 ἀποδέξασθαι,
745 1905 795 1982 ώς
819 1908 960 1993 χρεόν
984 1909 1053 1991 εἴη
1077 1906 1203 1992 δημο-

156 2013 454 2098 κρατέεσθαι
485 2012 689 2097 Πέρσας,
720 2032 818 2078 nemo
842 2017 1015 2098 negaverit
1037 2017 1203 2098 pertinere

160 2127 205 2190 ad
229 2127 312 2189 haee
336 2145 424 2209 quae
449 2128 559 2189 insunt
581 2127 616 2188 in
647 2146 673 2188 υ.
696 2127 739 2189 80
762 2126 783 2188 1.
805 2126 871 2189 III:
903 2121 1087 2212 ἐλέχθησαν
1111 2125 1203 2212 λόγοι

160 2239 286 2299 ἄπιστοι
309 2236 365 2319 μέν
390 2234 496 2300 ἐνίοισι
516 2233 692 2319 Ἑλλήνων,
717 2233 902 2322 ἐλέχθησαν
926 2235 955 2298 δ’
978 2235 1031 2300 ών.
1069 2235 1204 2320 Ὀτάνης

162 2346 218 2428 μέν
231 2343 363 2409 ἐκέλευε
377 2345 409 2420 ἐς
421 2343 517 2429 μέσον
531 2344 674 2430 Πέρσησι
689 2345 880 2410 καταθεῖναι
891 2348 931 2409 τὰ
945 2345 1117 2431 πρήγματα
1133 2345 1203 2410 κτλ.

265 2459 315 2520 23.
361 2457 400 2520 Α.
432 2457 581 2520 Banornr
615 2464 650 2519 ut
683 2459 879 2520 sententiam
913 2477 934 2520 a
967 2477 1002 2522 se
1036 2458 1202 2541 prolatam

159 2566 364 2646 argumentis
395 2565 512 2648 firmet,
543 2563 773 2628 demonstrare
803 2565 923 2646 studet,
952 2565 1126 2629 nonnullas
1152 2585 1204 2629 ros

158 2674 300 2736 diversis
324 2674 405 2736 loeis
429 2679 706 2738 commemoratas
736 2692 809 2738 esse
835 2676 884 2738 ita
906 2680 943 2738 ut
966 2676 1086 2738 animis
1109 2675 1203 2740 uobis

159 2783 353 2863 fingendum
369 2785 421 2866 sit,
445 2801 562 2846 eorum
587 2783 735 2846 locorum
759 2803 1037 2869 unumquemque
1059 2784 1202 2848 aliorum

159 2894 289 2956 ratione
319 2911 384 2957 non
414 2895 529 2959 habita
562 2898 722 2979 seriptum
754 2901 787 2960 et
817 2916 870 2960 res
900 2896 976 2960 illas
1009 2901 1133 2960 temere
1164 2916 1203 2960 ao

158 3005 229 3067 aine
263 3023 366 3069 eausa
400 3009 559 3088 repetitas
594 3023 674 3068 esse.
719 3004 763 3070 At
798 3005 890 3089 quod
922 3023 982 3086 pro
1015 3007 1202 3070 testimonio
1233 3087 1236 3096 ,

159 3115 250 3177 illius
273 3116 321 3177 rei
345 3134 423 3178 eum
446 3117 514 3196 alia
539 3119 610 3178 tum
634 3117 719 3180 haec
741 3119 833 3198 ponit
862 3116 899 3194 (l.
922 3134 950 3179 a.
973 3135 1002 3198 p.
1025 3117 1093 3200 41),
1117 3135 1203 3198 quae

158 3225 301 3306 legimus
324 3226 357 3285 in
383 3241 409 3286 ο.
432 3224 495 3286 180
518 3224 594 3288 LII
619 3227 707 3287 etin
732 3245 758 3288 o.
782 3226 823 3288 62
847 3225 868 3288 1.
891 3226 937 3289 V:
959 3221 1202 3306 Ἀμφικτυόνων

158 3332 194 3396 δέ
218 3331 447 3416 μισθωσάντων
470 3333 524 3394 τδν
550 3331 583 3395 έν
606 3331 758 3415 Δελφοῖσι
787 3340 840 3399 νῦν
865 3332 958 3398 ἐόντα
981 3334 1057 3415 νηόν
1079 3353 1202 3418 τριηκο-

158 3440 278 3504 κοσίων
313 3438 477 3505 ταλάντων
512 3439 750 3524 ἐξεργάσασθαι
787 3443 820 3522 (ό
855 3445 917 3526 γὰρ
950 3443 1106 3527 πρότερον
1140 3443 1201 3507 έὼν

160 3550 274 3616 αὐτόθι
297 3550 483 3634 αὐτομάτως
511 3551 682 3635 κατεκάη),
712 3554 785 3629 τοὺς
809 3551 953 3637 Δελφοὺς
982 3551 1021 3636 δὴ
1044 3551 1203 3640 ἐπέβαλλε

158 3660 404 3744 τεταρτημόριον
436 3669 492 3723 τοῦ
523 3658 729 3744 μισθώματος
760 3671 940 3748 παρασχεῖν
971 3659 1053 3744 κτλ,
1078 3666 1125 3726 et:
1156 3661 1202 3726 έν-

157 3771 265 3834 θαϋτα
300 3768 329 3833 οῑ
362 3769 598 3854 Ἀλκμεωνίδαι
631 3779 695 3835 πᾶν
734 3769 785 3834 ἐπὶ
819 3779 884 3846 τοῖς
927 3769 1201 3856 Πεισιστρατίδῃσι

162 3880 396 3966 μηχανεόμενοι
429 3879 505 3963 παρ’
537 3878 779 3964 Ἀμφικτυόνων
813 3882 868 3944 τόν
903 3883 978 3965 νηόν
1013 3880 1201 3965 μισθοῖινται

159 3991 215 4053 τόν
246 3989 279 4053 ἐν
310 3989 471 4074 Δελφοῖσι,
501 3992 554 4054 τόν
585 3997 640 4053 νῦν
671 3990 775 4073 ἐόντα,
806 3989 878 4054 τότε
901 3990 936 4054 δέ
959 3990 1058 4072 οόκω,
1087 3997 1199 4054 τοῦτον

159 4098 416 4184 ἐξοικοδομῆσαι,
439 4101 567 4164 nullum
590 4119 668 4164 vero
691 4100 727 4163 id
750 4107 986 4184 argumentum
1011 4107 1067 4166 est.
1112 4101 1199 4165 Nam
