<?xml version="1.0" encoding="UTF-8"?>
<!DOCTYPE html PUBLIC "-//W3C//DTD XHTML 1.0 Transitional//EN"
    "http://www.w3.org/TR/xhtml1/DTD/xhtml1-transitional.dtd">
<html xmlns="http://www.w3.org/1999/xhtml" xml:lang="en" lang="en">
 <head>
  <title>
</title>
<meta http-equiv="Content-Type" content="text/html;charset=utf-8" />
  <meta name='ocr-system' content='tesseract 3.04.00' />
  <meta name='ocr-capabilities' content='ocr_page ocr_carea ocr_par ocr_line ocrx_word'/>
</head>
<body>
  <div class='ocr_page' id='page_1' title='image "./herodotushalica01ammegoog_0040.png"; bbox 0 0 2956 5112; ppageno 0'>
   <div class='ocr_carea' id='block_1_1' title="bbox 675 415 717 478">
    <p class='ocr_par' dir='ltr' id='par_1_1' title="bbox 675 415 717 478">
     <span class='ocr_line' id='line_1_1' title="bbox 675 415 717 478; baseline -0.024 0"><span class='ocrx_word' id='word_1_1' title='bbox 675 415 717 478; x_wconf 81' lang='lat'>39</span> 
     </span>
    </p>
   </div>
   <div class='ocr_carea' id='block_1_2' title="bbox 167 585 1220 4176">
    <p class='ocr_par' dir='ltr' id='par_1_2' title="bbox 167 585 1220 4176">
     <span class='ocr_line' id='line_1_2' title="bbox 167 585 1213 670; baseline 0.003 -23"><span class='ocrx_word' id='word_1_2' title='bbox 167 586 244 649; x_wconf 93' lang='lat' dir='ltr'>loco</span> <span class='ocrx_word' id='word_1_3' title='bbox 274 585 406 670; x_wconf 90' lang='lat' dir='ltr'>aliquid</span> <span class='ocrx_word' id='word_1_4' title='bbox 436 605 479 650; x_wconf 87' lang='lat' dir='ltr'>ex</span> <span class='ocrx_word' id='word_1_5' title='bbox 508 587 620 670; x_wconf 87' lang='lat' dir='ltr'>priore</span> <span class='ocrx_word' id='word_1_6' title='bbox 650 605 767 649; x_wconf 90' lang='lat' dir='ltr'>rerum</span> <span class='ocrx_word' id='word_1_7' title='bbox 789 593 821 650; x_wconf 92' lang='lat' dir='ltr'>et</span> <span class='ocrx_word' id='word_1_8' title='bbox 845 587 1027 650; x_wconf 85' lang='lat' dir='ltr'>verborum</span> <span class='ocrx_word' id='word_1_9' title='bbox 1051 592 1213 651; x_wconf 85' lang='lat' dir='ltr'>contextu</span> 
     </span>
     <span class='ocr_line' id='line_1_3' title="bbox 167 694 1213 781; baseline 0.003 -25"><span class='ocrx_word' id='word_1_10' title='bbox 167 695 355 779; x_wconf 78' lang='lat' dir='ltr'>sustulisse,</span> <span class='ocrx_word' id='word_1_11' title='bbox 384 713 436 759; x_wconf 84' lang='lat' dir='ltr'>res</span> <span class='ocrx_word' id='word_1_12' title='bbox 467 694 556 758; x_wconf 92' lang='lat' dir='ltr'>bello</span> <span class='ocrx_word' id='word_1_13' title='bbox 586 700 701 759; x_wconf 88' lang='lat' dir='ltr'>eontra</span> <span class='ocrx_word' id='word_1_14' title='bbox 723 696 839 759; x_wconf 88' lang='lat' dir='ltr'>Medos</span> <span class='ocrx_word' id='word_1_15' title='bbox 863 700 974 778; x_wconf 83' lang='lat' dir='ltr'>gestas</span> <span class='ocrx_word' id='word_1_16' title='bbox 1000 695 1091 781; x_wconf 86' lang='lat' dir='ltr'>dicit,</span> <span class='ocrx_word' id='word_1_17' title='bbox 1124 715 1213 780; x_wconf 82' lang='lat' dir='ltr'>quae</span> 
     </span>
     <span class='ocr_line' id='line_1_4' title="bbox 168 803 1214 890; baseline 0.003 -24"><span class='ocrx_word' id='word_1_18' title='bbox 168 823 260 869; x_wconf 90' lang='lat' dir='ltr'>nunc</span> <span class='ocrx_word' id='word_1_19' title='bbox 282 823 328 868; x_wconf 91' lang='lat' dir='ltr'>cc.</span> <span class='ocrx_word' id='word_1_20' title='bbox 352 806 392 868; x_wconf 85' lang='lat'>73</span> <span class='ocrx_word' id='word_1_21' title='bbox 416 809 449 868; x_wconf 89' lang='lat' dir='ltr'>et</span> <span class='ocrx_word' id='word_1_22' title='bbox 473 806 515 868; x_wconf 86' lang='grc'>74</span> <span class='ocrx_word' id='word_1_23' title='bbox 537 803 689 868; x_wconf 89' lang='lat' dir='ltr'>eiusdem</span> <span class='ocrx_word' id='word_1_24' title='bbox 710 805 790 868; x_wconf 86' lang='lat' dir='ltr'>libri</span> <span class='ocrx_word' id='word_1_25' title='bbox 812 804 1056 869; x_wconf 86' lang='lat' dir='ltr'>describuntur.</span> <span class='ocrx_word' id='word_1_26' title='bbox 1094 805 1214 890; x_wconf 81' lang='lat' dir='ltr'>Neque</span> 
     </span>
     <span class='ocr_line' id='line_1_5' title="bbox 170 914 1213 999; baseline 0.002 -23"><span class='ocrx_word' id='word_1_27' title='bbox 170 919 286 978; x_wconf 89' lang='lat' dir='ltr'>tamen</span> <span class='ocrx_word' id='word_1_28' title='bbox 309 914 364 978; x_wconf 88' lang='lat' dir='ltr'>hio</span> <span class='ocrx_word' id='word_1_29' title='bbox 386 915 480 978; x_wconf 92' lang='lat' dir='ltr'>locus</span> <span class='ocrx_word' id='word_1_30' title='bbox 505 915 567 978; x_wconf 90' lang='lat' dir='ltr'>etsi</span> <span class='ocrx_word' id='word_1_31' title='bbox 588 931 654 978; x_wconf 90' lang='lat' dir='ltr'>non</span> <span class='ocrx_word' id='word_1_32' title='bbox 677 915 757 978; x_wconf 85' lang='lat' dir='ltr'>satis</span> <span class='ocrx_word' id='word_1_33' title='bbox 780 915 881 998; x_wconf 90' lang='lat' dir='ltr'>plane</span> <span class='ocrx_word' id='word_1_34' title='bbox 896 915 1039 998; x_wconf 87' lang='lat' dir='ltr'>scriptus</span> <span class='ocrx_word' id='word_1_35' title='bbox 1063 919 1122 999; x_wconf 88' lang='lat' dir='ltr'>est,</span> <span class='ocrx_word' id='word_1_36' title='bbox 1144 920 1213 978; x_wconf 91' lang='lat' dir='ltr'>tam</span> 
     </span>
     <span class='ocr_line' id='line_1_6' title="bbox 169 1023 1215 1107; baseline 0.001 -20"><span class='ocrx_word' id='word_1_37' title='bbox 169 1025 329 1088; x_wconf 88' lang='lat' dir='ltr'>confusus</span> <span class='ocrx_word' id='word_1_38' title='bbox 360 1025 443 1086; x_wconf 90' lang='lat' dir='ltr'>mihi</span> <span class='ocrx_word' id='word_1_39' title='bbox 474 1023 619 1107; x_wconf 88' lang='lat' dir='ltr'>videtur,</span> <span class='ocrx_word' id='word_1_40' title='bbox 652 1029 690 1086; x_wconf 92' lang='lat' dir='ltr'>ut</span> <span class='ocrx_word' id='word_1_41' title='bbox 719 1024 815 1086; x_wconf 93' lang='lat' dir='ltr'>illam</span> <span class='ocrx_word' id='word_1_42' title='bbox 846 1025 1075 1088; x_wconf 89' lang='lat' dir='ltr'>coniecturam</span> <span class='ocrx_word' id='word_1_43' title='bbox 1103 1025 1215 1090; x_wconf 86' lang='lat' dir='ltr'>facere</span> 
     </span>
     <span class='ocr_line' id='line_1_7' title="bbox 170 1131 1214 1217; baseline 0 -22"><span class='ocrx_word' id='word_1_44' title='bbox 170 1133 284 1197; x_wconf 86' lang='lat' dir='ltr'>liceat.</span> <span class='ocrx_word' id='word_1_45' title='bbox 330 1133 381 1197; x_wconf 89' lang='lat' dir='ltr'>Ad</span> <span class='ocrx_word' id='word_1_46' title='bbox 405 1134 509 1197; x_wconf 90' lang='lat' dir='ltr'>verba</span> <span class='ocrx_word' id='word_1_47' title='bbox 539 1134 628 1196; x_wconf 87' lang='lat' dir='ltr'>enim</span> <span class='ocrx_word' id='word_1_48' title='bbox 652 1138 855 1217; x_wconf 88' lang='lat' dir='ltr'>quaesunt:</span> <span class='ocrx_word' id='word_1_49' title='bbox 878 1139 979 1196; x_wconf 79' lang='grc' dir='ltr'>ταῦτα</span> <span class='ocrx_word' id='word_1_50' title='bbox 1001 1131 1118 1197; x_wconf 77' lang='grc' dir='ltr'>ποιέων</span> <span class='ocrx_word' id='word_1_51' title='bbox 1142 1131 1214 1196; x_wconf 80' lang='grc' dir='ltr'>ἐτισ-</span> 
     </span>
     <span class='ocr_line' id='line_1_8' title="bbox 170 1240 1214 1327; baseline 0.003 -22"><span class='ocrx_word' id='word_1_52' title='bbox 170 1240 268 1326; x_wconf 82' lang='grc' dir='ltr'>λέμεε</span> <span class='ocrx_word' id='word_1_53' title='bbox 291 1242 364 1306; x_wconf 80' lang='grc' dir='ltr'>ἔτεα</span> <span class='ocrx_word' id='word_1_54' title='bbox 391 1240 517 1324; x_wconf 83' lang='grc' dir='ltr'>ἕνδεκα,</span> <span class='ocrx_word' id='word_1_55' title='bbox 549 1262 637 1325; x_wconf 91' lang='lat' dir='ltr'>quae</span> <span class='ocrx_word' id='word_1_56' title='bbox 668 1243 806 1327; x_wconf 90' lang='lat' dir='ltr'>quidem</span> <span class='ocrx_word' id='word_1_57' title='bbox 836 1243 871 1308; x_wconf 91' lang='lat'>0.</span> <span class='ocrx_word' id='word_1_58' title='bbox 897 1243 1057 1308; x_wconf 75' lang='lat' dir='ltr'>Nitzsch-io</span> <span class='ocrx_word' id='word_1_59' title='bbox 1080 1245 1214 1308; x_wconf 90' lang='lat' dir='ltr'>omnino</span> 
     </span>
     <span class='ocr_line' id='line_1_9' title="bbox 169 1349 1214 1436; baseline 0 -21"><span class='ocrx_word' id='word_1_60' title='bbox 169 1369 238 1416; x_wconf 87' lang='lat' dir='ltr'>non</span> <span class='ocrx_word' id='word_1_61' title='bbox 254 1355 372 1434; x_wconf 87' lang='lat' dir='ltr'>aperta</span> <span class='ocrx_word' id='word_1_62' title='bbox 388 1349 546 1414; x_wconf 90' lang='lat' dir='ltr'>videntur</span> <span class='ocrx_word' id='word_1_63' title='bbox 562 1350 604 1414; x_wconf 91' lang='lat' dir='ltr'>ad</span> <span class='ocrx_word' id='word_1_64' title='bbox 619 1350 892 1436; x_wconf 85' lang='lat' dir='ltr'>intellegendum,</span> <span class='ocrx_word' id='word_1_65' title='bbox 915 1352 1107 1415; x_wconf 88' lang='lat' dir='ltr'>subiectum</span> <span class='ocrx_word' id='word_1_66' title='bbox 1123 1350 1214 1435; x_wconf 90' lang='lat' dir='ltr'>quod</span> 
     </span>
     <span class='ocr_line' id='line_1_10' title="bbox 168 1460 1214 1544; baseline 0.001 -22"><span class='ocrx_word' id='word_1_67' title='bbox 168 1463 206 1523; x_wconf 89' lang='lat' dir='ltr'>in</span> <span class='ocrx_word' id='word_1_68' title='bbox 216 1462 515 1544; x_wconf 73' lang='lat' dir='ltr'>‘comprehensione</span> <span class='ocrx_word' id='word_1_69' title='bbox 529 1461 714 1525; x_wconf 85' lang='lat' dir='ltr'>verborum</span> <span class='ocrx_word' id='word_1_70' title='bbox 729 1461 886 1524; x_wconf 90' lang='lat' dir='ltr'>continuo</span> <span class='ocrx_word' id='word_1_71' title='bbox 903 1460 1117 1525; x_wconf 76' lang='lat' dir='ltr'>antecedenti</span> <span class='ocrx_word' id='word_1_72' title='bbox 1133 1462 1214 1543; x_wconf 82' lang='lat' dir='ltr'>legi-</span> 
     </span>
     <span class='ocr_line' id='line_1_11' title="bbox 172 1565 1214 1653; baseline -0.002 -21"><span class='ocrx_word' id='word_1_73' title='bbox 172 1574 239 1647; x_wconf 89' lang='lat' dir='ltr'>tur,</span> <span class='ocrx_word' id='word_1_74' title='bbox 257 1567 274 1631; x_wconf 80' lang='lat' dir='ltr'>d</span> <span class='ocrx_word' id='word_1_75' title='bbox 292 1565 398 1644; x_wconf 73' lang='grc' dir='ltr'>Λυδὸς</span> <span class='ocrx_word' id='word_1_76' title='bbox 414 1569 498 1651; x_wconf 91' lang='lat' dir='ltr'>dico,</span> <span class='ocrx_word' id='word_1_77' title='bbox 520 1567 745 1652; x_wconf 90' lang='lat' dir='ltr'>supplendum</span> <span class='ocrx_word' id='word_1_78' title='bbox 760 1572 819 1645; x_wconf 89' lang='lat' dir='ltr'>est,</span> <span class='ocrx_word' id='word_1_79' title='bbox 842 1586 932 1650; x_wconf 89' lang='lat' dir='ltr'>quac</span> <span class='ocrx_word' id='word_1_80' title='bbox 948 1586 1015 1632; x_wconf 86' lang='lat' dir='ltr'>vox</span> <span class='ocrx_word' id='word_1_81' title='bbox 1032 1572 1064 1632; x_wconf 90' lang='lat' dir='ltr'>et</span> <span class='ocrx_word' id='word_1_82' title='bbox 1080 1574 1214 1653; x_wconf 89' lang='lat' dir='ltr'>patrem</span> 
     </span>
     <span class='ocr_line' id='line_1_12' title="bbox 171 1666 1216 1762; baseline -0.003 -19"><span class='ocrx_word' id='word_1_83' title='bbox 171 1666 359 1759; x_wconf 84' lang='lat' dir='ltr'>Sadyatten</span> <span class='ocrx_word' id='word_1_84' title='bbox 383 1684 416 1742; x_wconf 92' lang='lat' dir='ltr'>et</span> <span class='ocrx_word' id='word_1_85' title='bbox 438 1678 622 1760; x_wconf 88' lang='lat' dir='ltr'>Halyatten</span> <span class='ocrx_word' id='word_1_86' title='bbox 653 1678 762 1740; x_wconf 90' lang='lat' dir='ltr'>filium</span> <span class='ocrx_word' id='word_1_87' title='bbox 787 1678 1033 1762; x_wconf 80' lang='lat' dir='ltr'>complectitur,</span> <span class='ocrx_word' id='word_1_88' title='bbox 1064 1684 1102 1740; x_wconf 94' lang='lat' dir='ltr'>ut</span> <span class='ocrx_word' id='word_1_89' title='bbox 1125 1682 1216 1741; x_wconf 89' lang='lat' dir='ltr'>totus</span> 
     </span>
     <span class='ocr_line' id='line_1_13' title="bbox 171 1787 1217 1872; baseline 0.001 -23"><span class='ocrx_word' id='word_1_90' title='bbox 171 1789 267 1852; x_wconf 85' lang='lat' dir='ltr'>locus</span> <span class='ocrx_word' id='word_1_91' title='bbox 303 1787 387 1850; x_wconf 89' lang='lat' dir='ltr'>mihi</span> <span class='ocrx_word' id='word_1_92' title='bbox 424 1788 562 1870; x_wconf 86' lang='lat' dir='ltr'>quidem</span> <span class='ocrx_word' id='word_1_93' title='bbox 591 1788 671 1850; x_wconf 90' lang='lat' dir='ltr'>satis</span> <span class='ocrx_word' id='word_1_94' title='bbox 701 1787 822 1870; x_wconf 91' lang='lat' dir='ltr'>planus</span> <span class='ocrx_word' id='word_1_95' title='bbox 853 1792 887 1850; x_wconf 92' lang='lat' dir='ltr'>et</span> <span class='ocrx_word' id='word_1_96' title='bbox 917 1788 1114 1872; x_wconf 85' lang='lat' dir='ltr'>perspicuus</span> <span class='ocrx_word' id='word_1_97' title='bbox 1146 1804 1217 1851; x_wconf 88' lang='lat' dir='ltr'>esse</span> 
     </span>
     <span class='ocr_line' id='line_1_14' title="bbox 172 1896 1217 1981; baseline -0.002 -20"><span class='ocrx_word' id='word_1_98' title='bbox 172 1897 339 1961; x_wconf 87' lang='lat' dir='ltr'>videatur.</span> <span class='ocrx_word' id='word_1_99' title='bbox 383 1898 522 1978; x_wconf 88' lang='lat' dir='ltr'>Insuper</span> <span class='ocrx_word' id='word_1_100' title='bbox 546 1902 794 1980; x_wconf 89' lang='lat' dir='ltr'>quaeterquam</span> <span class='ocrx_word' id='word_1_101' title='bbox 815 1897 906 1980; x_wconf 92' lang='lat' dir='ltr'>quod</span> <span class='ocrx_word' id='word_1_102' title='bbox 929 1915 992 1961; x_wconf 92' lang='lat' dir='ltr'>non</span> <span class='ocrx_word' id='word_1_103' title='bbox 1017 1896 1217 1981; x_wconf 70' lang='lat' dir='ltr'>videoque</span> 
     </span>
     <span class='ocr_line' id='line_1_15' title="bbox 172 2005 1217 2088; baseline -0.002 -17"><span class='ocrx_word' id='word_1_104' title='bbox 172 2027 211 2070; x_wconf 91' lang='lat' dir='ltr'>re</span> <span class='ocrx_word' id='word_1_105' title='bbox 234 2014 421 2070; x_wconf 90' lang='lat' dir='ltr'>commotus</span> <span class='ocrx_word' id='word_1_106' title='bbox 443 2005 634 2069; x_wconf 87' lang='lat' dir='ltr'>Herodotus</span> <span class='ocrx_word' id='word_1_107' title='bbox 659 2005 786 2070; x_wconf 92' lang='lat' dir='ltr'>bellum</span> <span class='ocrx_word' id='word_1_108' title='bbox 810 2011 927 2070; x_wconf 88' lang='lat' dir='ltr'>contra</span> <span class='ocrx_word' id='word_1_109' title='bbox 945 2006 1061 2070; x_wconf 88' lang='lat' dir='ltr'>Medos</span> <span class='ocrx_word' id='word_1_110' title='bbox 1086 2012 1217 2088; x_wconf 83' lang='lat' dir='ltr'>gestum</span> 
     </span>
     <span class='ocr_line' id='line_1_16' title="bbox 173 2107 1217 2202; baseline -0.001 -23"><span class='ocrx_word' id='word_1_111' title='bbox 173 2118 268 2202; x_wconf 89' lang='lat' dir='ltr'>prius</span> <span class='ocrx_word' id='word_1_112' title='bbox 292 2135 338 2179; x_wconf 89' lang='lat' dir='ltr'>oc.</span> <span class='ocrx_word' id='word_1_113' title='bbox 362 2117 401 2180; x_wconf 82' lang='lat'>17</span> <span class='ocrx_word' id='word_1_114' title='bbox 425 2135 496 2200; x_wconf 86' lang='lat' dir='ltr'><strong>sqq.</strong></span> <span class='ocrx_word' id='word_1_115' title='bbox 525 2119 700 2177; x_wconf 88' lang='lat' dir='ltr'>narratum</span> <span class='ocrx_word' id='word_1_116' title='bbox 727 2120 844 2199; x_wconf 90' lang='lat' dir='ltr'>postea</span> <span class='ocrx_word' id='word_1_117' title='bbox 866 2134 885 2178; x_wconf 93' lang='lat' dir='ltr'>e</span> <span class='ocrx_word' id='word_1_118' title='bbox 907 2107 1024 2179; x_wconf 77' lang='lat' dir='ltr'>medio&#39;</span> <span class='ocrx_word' id='word_1_119' title='bbox 1044 2116 1217 2181; x_wconf 87' lang='lat' dir='ltr'>sustulerit</span> 
     </span>
     <span class='ocr_line' id='line_1_17' title="bbox 174 2223 1216 2308; baseline -0.001 -20"><span class='ocrx_word' id='word_1_120' title='bbox 174 2229 279 2308; x_wconf 91' lang='lat' dir='ltr'>atque</span> <span class='ocrx_word' id='word_1_121' title='bbox 295 2225 402 2287; x_wconf 90' lang='lat' dir='ltr'>alium</span> <span class='ocrx_word' id='word_1_122' title='bbox 417 2226 449 2286; x_wconf 88' lang='lat' dir='ltr'>in</span> <span class='ocrx_word' id='word_1_123' title='bbox 466 2224 579 2286; x_wconf 91' lang='lat' dir='ltr'>locum</span> <span class='ocrx_word' id='word_1_124' title='bbox 598 2225 848 2307; x_wconf 84' lang='lat' dir='ltr'>transposuerit,</span> <span class='ocrx_word' id='word_1_125' title='bbox 864 2223 899 2287; x_wconf 87' lang='grc' dir='ltr'>(λ</span> <span class='ocrx_word' id='word_1_126' title='bbox 916 2223 1095 2288; x_wconf 78' lang='lat' dir='ltr'>Nitascla‘us</span> <span class='ocrx_word' id='word_1_127' title='bbox 1112 2223 1216 2287; x_wconf 89' lang='lat' dir='ltr'>etiam</span> 
     </span>
     <span class='ocr_line' id='line_1_18' title="bbox 175 2327 1218 2417; baseline -0.002 -19"><span class='ocrx_word' id='word_1_128' title='bbox 175 2337 260 2398; x_wconf 87' lang='lat' dir='ltr'>haec</span> <span class='ocrx_word' id='word_1_129' title='bbox 281 2334 388 2399; x_wconf 88' lang='lat' dir='ltr'>verba</span> <span class='ocrx_word' id='word_1_130' title='bbox 410 2334 534 2417; x_wconf 88' lang='lat' dir='ltr'>quibus</span> <span class='ocrx_word' id='word_1_131' title='bbox 557 2339 659 2416; x_wconf 84' lang='lat' dir='ltr'>caput</span> <span class='ocrx_word' id='word_1_132' title='bbox 684 2333 722 2395; x_wconf 85' lang='lat'>17</span> <span class='ocrx_word' id='word_1_133' title='bbox 741 2332 931 2397; x_wconf 86' lang='lat' dir='ltr'>exorditur:</span> <span class='ocrx_word' id='word_1_134' title='bbox 956 2329 1136 2416; x_wconf 77' lang='grc' dir='ltr'>ἐπολέμησε</span> <span class='ocrx_word' id='word_1_135' title='bbox 1148 2327 1218 2412; x_wconf 70' lang='lat' dir='ltr'>(se.</span> 
     </span>
     <span class='ocr_line' id='line_1_19' title="bbox 174 2439 1217 2527; baseline -0.003 -20"><span class='ocrx_word' id='word_1_136' title='bbox 174 2442 369 2527; x_wconf 82' lang='grc' dir='ltr'>Ἃλυσὶττης)</span> <span class='ocrx_word' id='word_1_137' title='bbox 398 2439 580 2524; x_wconf 79' lang='grc' dir='ltr'>Μιλησίοισι</span> <span class='ocrx_word' id='word_1_138' title='bbox 602 2439 863 2525; x_wconf 82' lang='grc' dir='ltr'>παραδεξάμενος</span> <span class='ocrx_word' id='word_1_139' title='bbox 886 2443 940 2506; x_wconf 81' lang='grc' dir='ltr'>τὸν</span> <span class='ocrx_word' id='word_1_140' title='bbox 963 2440 1106 2525; x_wconf 79' lang='grc' dir='ltr'>πόλεμον</span> <span class='ocrx_word' id='word_1_141' title='bbox 1129 2443 1217 2526; x_wconf 84' lang='grc' dir='ltr'>παρὰ</span> 
     </span>
     <span class='ocr_line' id='line_1_20' title="bbox 174 2550 1217 2637; baseline -0.001 -20"><span class='ocrx_word' id='word_1_142' title='bbox 174 2560 233 2618; x_wconf 83' lang='grc' dir='ltr'>τοῦ</span> <span class='ocrx_word' id='word_1_143' title='bbox 256 2553 376 2637; x_wconf 78' lang='grc' dir='ltr'>πατρὸς</span> <span class='ocrx_word' id='word_1_144' title='bbox 399 2550 481 2635; x_wconf 83' lang='grc' dir='ltr'>κτλ,</span> <span class='ocrx_word' id='word_1_145' title='bbox 511 2569 687 2616; x_wconf 87' lang='lat' dir='ltr'>removere</span> <span class='ocrx_word' id='word_1_146' title='bbox 710 2553 826 2616; x_wconf 88' lang='lat' dir='ltr'>autin</span> <span class='ocrx_word' id='word_1_147' title='bbox 848 2554 1036 2634; x_wconf 83' lang='lat' dir='ltr'>marginem</span> <span class='ocrx_word' id='word_1_148' title='bbox 1059 2552 1217 2634; x_wconf 87' lang='lat' dir='ltr'>delegare</span> 
     </span>
     <span class='ocr_line' id='line_1_21' title="bbox 176 2661 1218 2754; baseline -0.001 -28"><span class='ocrx_word' id='word_1_149' title='bbox 176 2662 331 2754; x_wconf 81' lang='lat' dir='ltr'>debebat,</span> <span class='ocrx_word' id='word_1_150' title='bbox 348 2662 508 2744; x_wconf 88' lang='lat' dir='ltr'>quoniam</span> <span class='ocrx_word' id='word_1_151' title='bbox 523 2662 584 2724; x_wconf 85' lang='lat' dir='ltr'>vix</span> <span class='ocrx_word' id='word_1_152' title='bbox 600 2661 883 2745; x_wconf 88' lang='lat' dir='ltr'>comprehendere</span> <span class='ocrx_word' id='word_1_153' title='bbox 898 2666 1011 2725; x_wconf 89' lang='lat' dir='ltr'>mente</span> <span class='ocrx_word' id='word_1_154' title='bbox 1031 2679 1218 2746; x_wconf 87' lang='lat' dir='ltr'>possumus,</span> 
     </span>
     <span class='ocr_line' id='line_1_22' title="bbox 177 2773 1216 2858; baseline 0 -20"><span class='ocrx_word' id='word_1_155' title='bbox 177 2774 390 2838; x_wconf 83' lang='lat' dir='ltr'>Herodotum</span> <span class='ocrx_word' id='word_1_156' title='bbox 411 2775 640 2837; x_wconf 88' lang='lat' dir='ltr'>narrationem</span> <span class='ocrx_word' id='word_1_157' title='bbox 662 2775 742 2836; x_wconf 90' lang='lat' dir='ltr'>belli</span> <span class='ocrx_word' id='word_1_158' title='bbox 766 2773 857 2857; x_wconf 91' lang='lat' dir='ltr'>quod</span> <span class='ocrx_word' id='word_1_159' title='bbox 874 2775 1051 2855; x_wconf 88' lang='lat' dir='ltr'>Halyattes</span> <span class='ocrx_word' id='word_1_160' title='bbox 1075 2793 1096 2836; x_wconf 87' lang='lat' dir='ltr'>a</span> <span class='ocrx_word' id='word_1_161' title='bbox 1118 2778 1216 2858; x_wconf 87' lang='lat' dir='ltr'>patre</span> 
     </span>
     <span class='ocr_line' id='line_1_23' title="bbox 179 2881 1219 2967; baseline 0.001 -21"><span class='ocrx_word' id='word_1_162' title='bbox 179 2884 275 2967; x_wconf 88' lang='lat' dir='ltr'>quasi</span> <span class='ocrx_word' id='word_1_163' title='bbox 299 2881 487 2947; x_wconf 92' lang='lat' dir='ltr'>hereditate</span> <span class='ocrx_word' id='word_1_164' title='bbox 518 2888 702 2967; x_wconf 87' lang='lat' dir='ltr'>acceperat,</span> <span class='ocrx_word' id='word_1_165' title='bbox 732 2883 849 2966; x_wconf 88' lang='lat' dir='ltr'>aliqua</span> <span class='ocrx_word' id='word_1_166' title='bbox 879 2883 948 2945; x_wconf 88' lang='lat' dir='ltr'>alia</span> <span class='ocrx_word' id='word_1_167' title='bbox 977 2901 1014 2946; x_wconf 87' lang='lat' dir='ltr'>re</span> <span class='ocrx_word' id='word_1_168' title='bbox 1041 2885 1219 2947; x_wconf 86' lang='lat' dir='ltr'>interiecta</span> 
     </span>
     <span class='ocr_line' id='line_1_24' title="bbox 176 2991 1220 3078; baseline 0.002 -24"><span class='ocrx_word' id='word_1_169' title='bbox 176 2995 405 3077; x_wconf 88' lang='lat' dir='ltr'>interrupisse,</span> <span class='ocrx_word' id='word_1_170' title='bbox 427 2994 481 3056; x_wconf 88' lang='lat' dir='ltr'>vel</span> <span class='ocrx_word' id='word_1_171' title='bbox 498 2997 535 3056; x_wconf 92' lang='lat' dir='ltr'>ut</span> <span class='ocrx_word' id='word_1_172' title='bbox 550 2992 642 3056; x_wconf 92' lang='lat' dir='ltr'>idem</span> <span class='ocrx_word' id='word_1_173' title='bbox 661 2993 736 3056; x_wconf 87' lang='lat' dir='ltr'>aliis</span> <span class='ocrx_word' id='word_1_174' title='bbox 759 2993 870 3057; x_wconf 87' lang='lat' dir='ltr'>verbis</span> <span class='ocrx_word' id='word_1_175' title='bbox 894 2991 1016 3078; x_wconf 87' lang='lat' dir='ltr'>dicam,</span> <span class='ocrx_word' id='word_1_176' title='bbox 1040 2993 1220 3056; x_wconf 85' lang='lat' dir='ltr'>exordium</span> 
     </span>
     <span class='ocr_line' id='line_1_25' title="bbox 178 3086 1220 3188; baseline -0.001 -21"><span class='ocrx_word' id='word_1_177' title='bbox 178 3102 261 3167; x_wconf 88' lang='lat' dir='ltr'>belli</span> <span class='ocrx_word' id='word_1_178' title='bbox 284 3108 399 3166; x_wconf 88' lang='lat' dir='ltr'>contra</span> <span class='ocrx_word' id='word_1_179' title='bbox 422 3086 578 3166; x_wconf 91' lang='lat' dir='ltr'>Miletum</span> <span class='ocrx_word' id='word_1_180' title='bbox 600 3104 684 3186; x_wconf 82' lang='lat' dir='ltr'>gesti</span> <span class='ocrx_word' id='word_1_181' title='bbox 706 3103 942 3166; x_wconf 85' lang='lat' dir='ltr'>enarratione</span> <span class='ocrx_word' id='word_1_182' title='bbox 965 3104 1038 3166; x_wconf 91' lang='lat' dir='ltr'>eius</span> <span class='ocrx_word' id='word_1_183' title='bbox 1068 3104 1143 3188; x_wconf 89' lang='lat' dir='ltr'>ipsa</span> <span class='ocrx_word' id='word_1_184' title='bbox 1166 3103 1220 3166; x_wconf 89' lang='lat' dir='ltr'>de-</span> 
     </span>
     <span class='ocr_line' id='line_1_26' title="bbox 178 3212 1219 3296; baseline -0.001 -19"><span class='ocrx_word' id='word_1_185' title='bbox 178 3213 301 3296; x_wconf 86' lang='lat' dir='ltr'>scripto</span> <span class='ocrx_word' id='word_1_186' title='bbox 333 3212 422 3276; x_wconf 88' lang='lat' dir='ltr'>bello</span> <span class='ocrx_word' id='word_1_187' title='bbox 453 3218 569 3275; x_wconf 87' lang='lat' dir='ltr'>contra</span> <span class='ocrx_word' id='word_1_188' title='bbox 599 3213 714 3276; x_wconf 91' lang='lat' dir='ltr'>Medos</span> <span class='ocrx_word' id='word_1_189' title='bbox 743 3231 933 3296; x_wconf 88' lang='lat' dir='ltr'>separasse;</span> <span class='ocrx_word' id='word_1_190' title='bbox 967 3231 1077 3296; x_wconf 87' lang='lat' dir='ltr'>neque</span> <span class='ocrx_word' id='word_1_191' title='bbox 1106 3217 1219 3277; x_wconf 89' lang='lat' dir='ltr'>tamen</span> 
     </span>
     <span class='ocr_line' id='line_1_27' title="bbox 178 3322 1219 3406; baseline -0.002 -18"><span class='ocrx_word' id='word_1_192' title='bbox 178 3324 268 3388; x_wconf 89' lang='lat' dir='ltr'>delet</span> <span class='ocrx_word' id='word_1_193' title='bbox 283 3322 344 3385; x_wconf 89' lang='lat' dir='ltr'>illa</span> <span class='ocrx_word' id='word_1_194' title='bbox 359 3323 462 3386; x_wconf 86' lang='lat' dir='ltr'>verba</span> <span class='ocrx_word' id='word_1_195' title='bbox 477 3323 513 3387; x_wconf 85' lang='lat' dir='ltr'>O.</span> <span class='ocrx_word' id='word_1_196' title='bbox 531 3322 718 3387; x_wconf 76' lang='lat' dir='ltr'>Nitzschius.</span> <span class='ocrx_word' id='word_1_197' title='bbox 762 3323 801 3384; x_wconf 83' lang='grc' dir='ltr'>Α.</span> <span class='ocrx_word' id='word_1_198' title='bbox 829 3323 972 3386; x_wconf 73' lang='lat' dir='ltr'>Balacrus</span> <span class='ocrx_word' id='word_1_199' title='bbox 995 3323 1031 3400; x_wconf 77' lang='lat' dir='ltr'>(l.</span> <span class='ocrx_word' id='word_1_200' title='bbox 1048 3342 1076 3386; x_wconf 86' lang='lat' dir='ltr'>a.</span> <span class='ocrx_word' id='word_1_201' title='bbox 1092 3345 1122 3406; x_wconf 90' lang='lat' dir='ltr'>p.</span> <span class='ocrx_word' id='word_1_202' title='bbox 1139 3325 1219 3405; x_wconf 87' lang='lat'>105)</span> 
     </span>
     <span class='ocr_line' id='line_1_28' title="bbox 179 3431 1219 3518; baseline -0.001 -22"><span class='ocrx_word' id='word_1_203' title='bbox 179 3433 318 3518; x_wconf 89' lang='lat' dir='ltr'>quidem</span> <span class='ocrx_word' id='word_1_204' title='bbox 341 3437 460 3518; x_wconf 88' lang='lat' dir='ltr'>censet,</span> <span class='ocrx_word' id='word_1_205' title='bbox 489 3434 524 3495; x_wconf 92' lang='lat' dir='ltr'>in</span> <span class='ocrx_word' id='word_1_206' title='bbox 547 3432 669 3516; x_wconf 88' lang='lat' dir='ltr'>verbis,</span> <span class='ocrx_word' id='word_1_207' title='bbox 699 3450 788 3515; x_wconf 91' lang='lat' dir='ltr'>quae</span> <span class='ocrx_word' id='word_1_208' title='bbox 817 3437 894 3494; x_wconf 91' lang='lat' dir='ltr'>sunt</span> <span class='ocrx_word' id='word_1_209' title='bbox 917 3431 1009 3508; x_wconf 84' lang='grc' dir='ltr'>οὗτος</span> <span class='ocrx_word' id='word_1_210' title='bbox 1038 3433 1101 3516; x_wconf 83' lang='grc' dir='ltr'>γὰρ</span> <span class='ocrx_word' id='word_1_211' title='bbox 1124 3431 1219 3496; x_wconf 82' lang='grc' dir='ltr'>καὶὸ</span> 
     </span>
     <span class='ocr_line' id='line_1_29' title="bbox 178 3540 1220 3627; baseline -0.004 -19"><span class='ocrx_word' id='word_1_212' title='bbox 178 3546 232 3608; x_wconf 79' lang='grc' dir='ltr'>τὸν</span> <span class='ocrx_word' id='word_1_213' title='bbox 256 3540 399 3625; x_wconf 80' lang='grc' dir='ltr'>πόλεμον</span> <span class='ocrx_word' id='word_1_214' title='bbox 422 3542 461 3626; x_wconf 76' lang='grc' dir='ltr'>ἠν</span> <span class='ocrx_word' id='word_1_215' title='bbox 485 3540 639 3624; x_wconf 83' lang='grc' dir='ltr'>συνάψας,</span> <span class='ocrx_word' id='word_1_216' title='bbox 662 3542 769 3605; x_wconf 87' lang='lat' dir='ltr'>inesse</span> <span class='ocrx_word' id='word_1_217' title='bbox 792 3559 1080 3624; x_wconf 88' lang='lat' dir='ltr'>supervacaneam</span> <span class='ocrx_word' id='word_1_218' title='bbox 1099 3543 1220 3627; x_wconf 86' lang='lat' dir='ltr'>repeti-</span> 
     </span>
     <span class='ocr_line' id='line_1_30' title="bbox 179 3651 1218 3736; baseline -0.005 -18"><span class='ocrx_word' id='word_1_219' title='bbox 179 3658 305 3718; x_wconf 89' lang='lat' dir='ltr'>tionem</span> <span class='ocrx_word' id='word_1_220' title='bbox 330 3652 482 3716; x_wconf 88' lang='lat' dir='ltr'>eiusdem</span> <span class='ocrx_word' id='word_1_221' title='bbox 502 3654 561 3736; x_wconf 90' lang='lat' dir='ltr'>rei,</span> <span class='ocrx_word' id='word_1_222' title='bbox 591 3652 649 3716; x_wconf 87' lang='lat' dir='ltr'>sed</span> <span class='ocrx_word' id='word_1_223' title='bbox 673 3652 831 3735; x_wconf 91' lang='lat' dir='ltr'>equidem</span> <span class='ocrx_word' id='word_1_224' title='bbox 864 3651 1005 3714; x_wconf 89' lang='lat' dir='ltr'>abitrari</span> <span class='ocrx_word' id='word_1_225' title='bbox 1028 3652 1155 3733; x_wconf 88' lang='lat' dir='ltr'>malim,</span> <span class='ocrx_word' id='word_1_226' title='bbox 1183 3651 1218 3714; x_wconf 95' lang='lat' dir='ltr'>id</span> 
     </span>
     <span class='ocr_line' id='line_1_31' title="bbox 180 3758 1219 3847; baseline -0.005 -21"><span class='ocrx_word' id='word_1_227' title='bbox 180 3782 252 3826; x_wconf 86' lang='lat' dir='ltr'>esse</span> <span class='ocrx_word' id='word_1_228' title='bbox 274 3762 418 3847; x_wconf 87' lang='lat' dir='ltr'>simplex</span> <span class='ocrx_word' id='word_1_229' title='bbox 442 3767 474 3824; x_wconf 90' lang='lat' dir='ltr'>et</span> <span class='ocrx_word' id='word_1_230' title='bbox 497 3781 622 3845; x_wconf 89' lang='lat' dir='ltr'>purum</span> <span class='ocrx_word' id='word_1_231' title='bbox 637 3761 811 3844; x_wconf 86' lang='lat' dir='ltr'>epicorum</span> <span class='ocrx_word' id='word_1_232' title='bbox 831 3758 962 3823; x_wconf 87' lang='lat' dir='ltr'>dicendi</span> <span class='ocrx_word' id='word_1_233' title='bbox 981 3776 1093 3843; x_wconf 82' lang='lat' dir='ltr'>genus,</span> <span class='ocrx_word' id='word_1_234' title='bbox 1117 3759 1219 3842; x_wconf 89' lang='lat' dir='ltr'>quale</span> 
     </span>
     <span class='ocr_line' id='line_1_32' title="bbox 181 3868 1219 3953; baseline -0.004 -17"><span class='ocrx_word' id='word_1_235' title='bbox 181 3873 392 3936; x_wconf 88' lang='lat' dir='ltr'>Herodotum</span> <span class='ocrx_word' id='word_1_236' title='bbox 414 3872 560 3935; x_wconf 85' lang='lat' dir='ltr'>maxime</span> <span class='ocrx_word' id='word_1_237' title='bbox 584 3869 689 3935; x_wconf 86' lang='lat' dir='ltr'>decet.</span> <span class='ocrx_word' id='word_1_238' title='bbox 732 3868 833 3953; x_wconf 77' lang='lat' dir='ltr'>Quod</span> <span class='ocrx_word' id='word_1_239' title='bbox 856 3873 970 3932; x_wconf 86' lang='lat' dir='ltr'>autem</span> <span class='ocrx_word' id='word_1_240' title='bbox 993 3869 1062 3931; x_wconf 90' lang='lat' dir='ltr'>iam</span> <span class='ocrx_word' id='word_1_241' title='bbox 1085 3887 1114 3932; x_wconf 88' lang='lat' dir='ltr'>a.</span> <span class='ocrx_word' id='word_1_242' title='bbox 1130 3886 1155 3931; x_wconf 94' lang='lat' dir='ltr'>c.</span> <span class='ocrx_word' id='word_1_243' title='bbox 1173 3869 1219 3932; x_wconf 86' lang='lat'>18</span> 
     </span>
     <span class='ocr_line' id='line_1_33' title="bbox 183 3975 1219 4064; baseline -0.005 -20"><span class='ocrx_word' id='word_1_244' title='bbox 183 3981 349 4064; x_wconf 86' lang='lat' dir='ltr'>expressis</span> <span class='ocrx_word' id='word_1_245' title='bbox 378 3981 489 4044; x_wconf 86' lang='lat' dir='ltr'>verbis</span> <span class='ocrx_word' id='word_1_246' title='bbox 521 3979 562 4042; x_wconf 92' lang='lat' dir='ltr'>ad</span> <span class='ocrx_word' id='word_1_247' title='bbox 594 3977 726 4062; x_wconf 90' lang='lat' dir='ltr'>aliquid</span> <span class='ocrx_word' id='word_1_248' title='bbox 755 3995 965 4060; x_wconf 86' lang='lat' dir='ltr'>revocamur,</span> <span class='ocrx_word' id='word_1_249' title='bbox 996 3975 1086 4060; x_wconf 91' lang='lat' dir='ltr'>quod</span> <span class='ocrx_word' id='word_1_250' title='bbox 1117 3976 1219 4059; x_wconf 89' lang='lat' dir='ltr'>paulo</span> 
     </span>
     <span class='ocr_line' id='line_1_34' title="bbox 183 4086 1220 4176; baseline -0.005 -23"><span class='ocrx_word' id='word_1_251' title='bbox 183 4109 293 4176; x_wconf 86' lang='lat' dir='ltr'>supra,</span> <span class='ocrx_word' id='word_1_252' title='bbox 318 4090 348 4153; x_wconf 87' lang='lat' dir='ltr'>h.</span> <span class='ocrx_word' id='word_1_253' title='bbox 371 4108 398 4152; x_wconf 92' lang='lat' dir='ltr'>e.</span> <span class='ocrx_word' id='word_1_254' title='bbox 421 4091 456 4153; x_wconf 89' lang='lat' dir='ltr'>in</span> <span class='ocrx_word' id='word_1_255' title='bbox 478 4109 505 4153; x_wconf 90' lang='lat' dir='ltr'>o.</span> <span class='ocrx_word' id='word_1_256' title='bbox 528 4091 579 4173; x_wconf 84' lang='lat'>17,</span> <span class='ocrx_word' id='word_1_257' title='bbox 601 4088 734 4173; x_wconf 84' lang='lat' dir='ltr'>dicitur,</span> <span class='ocrx_word' id='word_1_258' title='bbox 763 4086 842 4151; x_wconf 90' lang='lat' dir='ltr'>inde</span> <span class='ocrx_word' id='word_1_259' title='bbox 866 4087 1000 4158; x_wconf 87' lang='lat' dir='ltr'>omnino</span> <span class='ocrx_word' id='word_1_260' title='bbox 1022 4105 1086 4149; x_wconf 91' lang='lat' dir='ltr'>non</span> <span class='ocrx_word' id='word_1_261' title='bbox 1110 4103 1220 4149; x_wconf 91' lang='lat' dir='ltr'>conse-</span> 
     </span>
    </p>
   </div>
   <div class='ocr_carea' id='block_1_3' title="bbox 0 0 1494 5112">
    <p class='ocr_par' dir='ltr' id='par_1_3' title="bbox 0 0 1494 5112">
     <span class='ocr_line' id='line_1_35' title="bbox 0 0 1494 5112; baseline 0 0"><span class='ocrx_word' id='word_1_262' title='bbox 0 0 1494 5112; x_wconf 95' lang='lat' dir='ltr'> </span> 
     </span>
    </p>
   </div>
  </div>
 </body>
</html>
