2956 5112
672 388 711 450 41

615 477 770 487 ”“““““
993 469 1000 534 ἱ

174 581 248 646 ap.
263 562 294 646 4,
311 579 383 624 ann.
400 563 437 642 1)
453 562 571 646 paucis
586 555 756 626 'refutarit
795 560 963 645 Equidem
983 561 1030 624 eis
1047 579 1136 644 quae
1159 560 1215 622 hic

173 675 289 734 contra
318 671 417 734 illum
448 672 543 757 dixit,
578 671 705 737 addam
734 674 833 736 haec:
867 671 1078 736 Herodotum
1110 670 1215 733 libros

172 797 250 844 0000
273 781 439 864 recitasse,
462 786 618 845 auctores
641 786 717 845 0000
736 782 941 845 Plutarchus
962 781 1021 860 (ab
1045 799 1074 844 a.
1097 781 1139 843 50
1161 799 1214 841 00-

173 906 240 970 000
263 888 306 952 ed
322 909 349 953 0.
365 890 428 952 130
444 910 476 974 p.
492 889 568 954 Chr.
586 894 642 974 n),
666 891 726 973 qui
748 891 783 954 in
805 890 892 954 libro
916 891 976 974 qui
998 888 1041 952 de
1063 888 1216 970 maligni-

173 1002 243 1061 tate
273 998 440 1064 Herodoti
469 999 665 1066 inscribitur
695 997 787 1080 dicit,
805 1019 896 1064 ‘eum
926 1001 1038 1081 Anyto
1068 997 1215 1083 quodam

172 1113 313 1190 rogante
336 1105 453 1173 decem
478 1108 612 1172 talentis
635 1103 797 1173 donatum
813 1129 892 1194 esse,
914 1106 1083 1176 Eusebius
1106 1107 1164 1186 (ab
1188 1125 1217 1170 a.

173 1217 349 1283 261--340
371 1240 403 1303 p.
425 1215 501 1283 Chr.
523 1219 567 1301 n.)
599 1219 659 1303 qui
689 1219 732 1283 ad
756 1219 797 1284 ol.
820 1221 872 1300 83,
895 1221 915 1282 3
946 1224 1084 1283 annotat
1113 1218 1212 1280 haee:

173 1327 345 1392 Erodotus
369 1328 510 1393 Athenis
540 1331 643 1394 libros
672 1329 786 1410 legens
808 1331 991 1393 honoratus
1015 1333 1072 1413 est,
1099 1329 1216 1391 Hiero·

172 1457 295 1521 nymus
325 1440 384 1518 (ab
416 1459 444 1503 a.
469 1437 657 1503 331-420
678 1462 710 1523 p.
733 1437 810 1504 Chr.
833 1442 879 1521 0.)
910 1440 969 1523 qul
992 1439 1032 1502 ad
1058 1439 1099 1503 ol.
1121 1439 1172 1522 83,
1194 1438 1216 1499 4

173 1551 259 1614 hanc
288 1553 403 1612 notam
437 1551 590 1634 apponit:
621 1549 813 1614 Herodotus
844 1569 923 1612 cum
945 1549 1085 1612 Athenis
1111 1548 1215 1611 libros

172 1677 250 1722 0000
272 1659 308 1721 10
331 1659 473 1722 00001110
489 1660 626 1742 legisset
641 1660 825 1723 honoratus
845 1665 904 1744 est,
927 1658 1100 1740 syncellus
1123 1659 1216 1734 (ante

172 1787 201 1832 a.
224 1770 288 1832 800
320 1767 517 1853 001100.)
549 1770 608 1852 001
638 1769 736 1833 dicit:
767 1767 940 1851 Ἡρόδοτος
971 1767 1128 1851 ἱστορικὸς
1159 1765 1216 1832 ἐτι-

173 1876 262 1962 μήθη
285 1878 374 1962 παρὰ
395 1885 450 1962 τῆς
474 1875 657 1962 Ἀθηναίων
675 1876 793 1962 βουλῆς
811 1877 1009 1962 ἐπαναγνοὺς
1031 1877 1138 1952 αὐτοῖς
1160 1876 1216 1948 τὰς

173 1984 300 2072 βίβλους
323 1987 380 2066 (01.
402 1987 453 2071 83,
475 1987 522 2068 4).
567 1985 652 2050 Cum
675 1987 760 2050 illud
784 1987 969 2072 Plutarchi,
1002 1987 1215 2052 Herodotum

173 2095 336 2160 donatum
365 2113 437 2159 esse
459 2095 502 2158 ab
525 2095 785 2159 Atheniensibus
808 2095 923 2160 decem
953 2095 1087 2160 talentis
1112 2099 1217 2178 atque

173 2205 278 2268 etiem
302 2202 484 2290 Olympiae
514 2204 618 2270 libros
648 2223 725 2268 suos
756 2206 924 2291 recitasse,
955 2223 1088 2269 omnem
1116 2203 1217 2268 fidem

173 2314 326 2399 excedat,
357 2334 464 2378 unum
494 2319 613 2378 testem
642 2315 733 2380 illius
760 2317 811 2378 rei
835 2316 999 2379 habemus
1022 2313 1217 2398 Eusebium,

173 2425 334 2508 quoniam
364 2424 508 2487 dubium
537 2442 602 2488 non
633 2429 683 2487 est
714 2427 795 2508 quin
820 2427 1048 2508 Hieronymus
1079 2428 1112 2487 et
1134 2423 1217 2505 Syn-

172 2535 288 2619 celus,
318 2533 409 2618 quod
434 2535 475 2597 de
497 2552 537 2596 00
560 2553 598 2598 re
623 2535 777 2620 produnt,
808 2554 851 2598 ex
882 2537 955 2600 eius
985 2535 1101 2600 libello
1124 2553 1217 2618 repe-

173 2646 295 2709 tierint.
339 2643 424 2709 Cum
450 2649 567 2710 autem
590 2645 756 2709 Eusebius
787 2650 836 2708 tot
858 2647 951 2708 annis
974 2650 1048 2730 post
1070 2648 1216 2709 aetatem

172 2753 336 2818 Herodoti
360 2753 520 2833 floruerit,
544 2773 649 2836 quam
671 2755 771 2819 facile
802 2756 938 2819 evenire
961 2756 1073 2840 potuit
1096 2760 1134 2818 ut
1156 2756 1217 2818 illa

171 2881 209 2924 re
239 2862 406 2925 memoria
436 2867 568 2924 tantum
599 2863 732 2948 prodita
763 2868 855 2928 tanto
886 2869 1077 2948 temporum
1105 2864 1216 2948 spatio

171 2990 254 3035 vere
278 2991 356 3036 cum
378 2973 463 3037 fictis
480 2973 785 3037 confunderentur?
808 2973 897 3056 Ergo
921 2975 949 3038 si
974 2974 1056 3057 quid
1080 2959 1214 3038 exiliis

172 3083 297 3146 Eusebi
321 3084 432 3147 verbis
456 3083 611 3147 concludi
640 3088 760 3168 potest,
791 3086 853 3146 hoc
882 3103 1053 3147 summum
1084 3085 1217 3147 conclu·
1313 3139 1314 3144 ,

172 3191 254 3254 dere
283 3191 372 3275 licet,
399 3191 610 3256 Herodotum
632 3193 815 3278 aliquando
839 3193 969 3277 aliquid
997 3194 1134 3258 Athenis
1157 3215 1217 3278 00-

171 3302 260 3365 blice
296 3301 473 3380 00010000ος
506 3300 565 3366 sed
600 3301 683 3386 quid
717 3303 771 3366 vel
806 3321 874 3386 quo
907 3321 993 3367 anno
1024 3303 1234 3384 recitaverit,

171 3417 332 3474 accurate
354 3408 496 3474 definire
519 3429 643 3473 vanum
667 3411 839 3496 inceptum
862 3411 993 3475 ducam.
1038 3412 1216 3476 Extremos

171 3523 286 3584 autem
314 3518 419 3584 libros
448 3537 531 3603 0000
561 3537 620 3583 000
650 3521 814 3584 habemus
846 3539 923 3584 eum
946 3521 1106 3586 recitasse
1129 3540 1215 3586 anno

169 3631 233 3692 445
264 3647 304 3692 eo
335 3629 443 3710 magis
472 3629 676 3714 negaverim,
709 3647 776 3713 quo
800 3632 908 3712 magis
931 3630 1052 3718 dubito
1075 3651 1156 3694 num
1178 3650 1215 3694 re

171 3756 251 3801 vera
273 3755 313 3801 eo
329 3738 400 3802 iam
415 3742 566 3822 tempore
584 3756 652 3822 quo
668 3738 809 3822 plurimi
831 3743 983 3804 statuunt
1007 3756 1091 3823 opus
1114 3758 1216 3802 suum

170 3849 332 3932 perficere
354 3850 542 3913 accesserit.
586 3849 718 3914 Idcirco
750 3854 787 3912 ut
811 3847 942 3934 aliquid
972 3867 1059 3914 anno
1081 3849 1145 3913 445
1169 3851 1214 3913 10-

169 3959 258 4039 gerit
273 3959 464 4023 Herodotus
480 3959 625 4044 publice,
641 3960 732 4045 legit,
755 3965 794 4023 ut
809 3960 893 4024 mihi
909 3960 1048 4044 quidem
1063 3957 1212 4045 videtur,

171 4067 332 4132 materiae
361 4087 441 4133 suae
470 4069 513 4133 ad
541 4087 626 4153 0000
654 4070 871 4141 scribendum
901 4070 1065 4135 collectae
1097 4070 1211 4154 capita
