2956 5112
601 459 754 558 ,2⁶2⁷-

160 629 266 692 tr'rbus
290 630 384 694 libris
399 630 561 694 Herodoti
585 637 695 715 partes
720 629 882 714 quasdam
907 651 926 692 a
949 633 1201 696 recitationibus

159 758 273 803 rernm
306 743 484 826 gestarum,
514 759 602 824 quae
632 745 666 804 in
689 743 829 822 syssitiis
859 741 1202 804 Lacedaemoniorum

159 848 380 932 habebantur,
410 850 570 932 repetitas
601 869 680 914 esse.
700 922 702 932 Ι
726 849 854 933 Quodsi
889 850 1069 933 sumpseris
1101 851 1203 913 Hero·

160 957 279 1021 dotnm
301 959 361 1022 has
384 961 589 1023 narrationes
615 959 834 1042 undecunque
867 966 1021 1042 acceptas
1050 959 1143 1022 nulla
1165 979 1203 1023 re

159 1073 293 1131 mutata
309 1068 412 1151 idque
429 1069 675 1152 intercapedine
687 1069 850 1133 scribendi
863 1069 951 1132 facta
965 1072 1203 1154 conscripsisse,

161 1178 261 1245 facile
284 1179 466 1262 intelleges,
496 1184 530 1240 et
560 1199 637 1242 eum
664 1180 754 1242 leves
771 1179 941 1260 *quasdam
964 1177 1203 1262 discrepantias

159 1292 192 1351 et
222 1291 413 1351 iterationes
443 1305 557 1350 rerum
590 1289 697 1351 inesse
726 1290 760 1349 in
790 1287 886 1351 libris
916 1289 983 1350 suis
1014 1288 1136 1370 fugisse
1169 1292 1203 1351 et

159 1401 271 1480 partes
295 1395 459 1478 quasdam
490 1399 598 1481 operis
629 1398 699 1460 eius
728 1399 816 1480 ipsas
848 1415 908 1479 per
938 1417 973 1460 se
1004 1397 1203 1479 corpuscula

159 1504 268 1570 videri
281 1524 361 1578 esse.
386 1504 429 1568 At
442 1504 520 1568 inde
532 1523 748 1588 nequaquam
762 1506 980 1587 consequitur
989 1503 1202 1568 Herodotum

160 1632 217 1676 cas
248 1614 347 1696 quasi
377 1615 559 1696 separatim
595 1615 830 1697 composuisse,
866 1615 1027 1696 quoniam
1059 1632 1125 1677 non
1155 1616 1204 1677 ita

160 1724 319 1808 expletae
349 1729 425 1786 sunt
449 1724 603 1787 omnibus
627 1724 696 1786 suis
719 1724 877 1806 numeris,
909 1730 946 1785 ut
969 1724 1062 1806 ipsac
1085 1742 1145 1807 per
1168 1743 1203 1786 se

160 1838 252 1896 recte
275 1835 405 1917 percipi
435 1835 571 1916 possint,
602 1838 634 1895 ct
657 1833 818 1915 quoniam
848 1833 1065 1916 repetitiones
1088 1853 1202 1895 rernm

159 1943 241 2006 illae
263 1950 297 2007 et
320 1943 565 2027 discrepantiae
594 1944 763 2004 minorem·
788 1942 952 2026 probandi
981 1944 1050 2004 vim
1077 1943 1202 2006 habent

161 2072 265 2136 quam
294 2058 332 2115 ut
365 2054 553 2136 quidquam
584 2070 627 2115 ex
658 2053 705 2114 eis
736 2051 872 2114 astricte
902 2054 1005 2134 possit
1041 2051 1202 2114 concludi.
1288 2037 1292 2046 ’

160 2163 360 2226 Rectissime
392 2163 497 2243 igitur
532 2161 613 2224 dicit
648 2159 689 2223 H.
730 2159 858 2223 Weilt'us
891 2161 918 2224 I.
954 2180 982 2224 a.
1017 2167 1133 2223 contra
1163 2161 1201 2224 Α.

161 2272 341 2336 Bonorum:
372 2271 455 2335 Sans
480 2271 592 2355 doute,
621 2272 643 2332 11
669 2269 815 2350 yades
843 2275 956 2332 autres
985 2270 1203 2354 repetitiones
1283 2276 1289 2286 '

162 2381 238 2464 plus
260 2379 380 2443 1111111
404 2381 463 2458 (sc.
488 2398 591 2462 quam
608 2398 696 2461 quac
718 2384 795 2440 sunt
818 2378 1033 2460 repetitiones
1051 2378 1114 2441 VII
1131 2379 1201 2455 205,

162 2491 243 2555 VIII
267 2489 317 2575 33,
341 2490 415 2552 aliis
439 2487 551 2571 locis);
573 2483 659 2550 mais
682 2488 763 2552 elles
779 2493 852 2550 sont
876 2493 951 2572 trop
974 2489 1105 2572 petitas,
1127 2492 1202 2572 trop

160 2599 400 2681 insignibantes
424 2617 510 2682 pour
533 2599 700 2660 autoriser
731 2615 863 2660 aucune
894 2597 1076 2660 inductiou.
1114 2597 1202 2660 Tout

163 2709 312 2773 ccrivain
337 2728 378 2772 en
400 2709 500 2771 laissa
523 2708 691 2792 echapper
715 2707 756 2771 de
779 2708 944 2790 pareilles.

267 2817 378 2901 Atque
402 2823 609 2900 argumenta,
633 2835 721 2899 qnae
737 2817 811 2880 our.
828 2817 961 2880 Roaseos
983 2817 1003 2879 1.
1027 2837 1055 2879 a.
1080 2817 1203 2900 attulit,
1234 2875 1236 2879 ,

163 2934 201 2990 11
224 2927 470 2992 demonstraret
493 2927 703 2990 Herodotum
726 2932 878 2990 extremo
902 2929 994 2990 vitae
1016 2945 1099 2990 snae
1122 2932 1202 2989 tem-

162 3054 244 3120 pore
278 3072 322 3084 -
353 3054 563 3118 quamquam
592 3035 682 3096 enim
712 3035 1038 3114 argumentationem
1067 3052 1136 3116 qua
1165 3034 1204 3099 A.

162 3147 311 3210 Bouaras
327 3147 484 3208 historias
497 3145 660 3208 Herodoti
676 3145 872 3226 singulatim
885 3145 1086 3228 conscriptas
1102 3146 1204 3208 fuisse

163 3253 283 3320 docere
314 3255 435 3336 studet,
468 3271 603 3316 assensu
638 3273 698 3317 suo
733 3255 931 3338 comprobat
963 3254 1023 3317 1111
1057 3254 1204 3336 quidem,

163 3372 275 3429 tamen
309 3363 462 3426 dissentit
493 3362 536 3425 ab
574 3379 613 3424 eo
644 3362 686 3424 de
717 3367 883 3445 tempore,
917 3381 984 3445 quo
1016 3361 1204 3425 Herodotus

162 3477 266 3541 libros
300 3490 377 3537 suos
407 3471 642 3536 retractaverit
674 3477 707 3534 11
736 3473 822 3534 11111
856 3491 891 3534 se
922 3472 1133 3534 coniunxerit
1161 3505 1205 3516 -

135 3661 138 3670 ¹
162 3588 235 3671 ipse
255 3568 326 3647 iar'n
349 3584 397 3646 111
421 3601 509 3664 quae
531 3581 599 3644 aiio
615 3582 688 3644 loco
704 3584 732 3661 ¹)
756 3581 909 3663 disserui,
931 3581 1095 3644 refutasse
1118 3582 1203 3644 mihi

163 3696 290 3759 videor.
335 3691 459 3757 Contra
488 3693 523 3757 O.
555 3691 751 3756 Nitaschium
783 3696 898 3753 autem
929 3691 1012 3752 mibi
1043 3691 1204 3753 nonnulla

164 3802 305 3867 dicenda
327 3807 411 3885 sunt,
435 3801 526 3883 quod
551 3800 754 3863 1111111
778 3816 914 3881 quoque
938 3802 1137 3878 argumenta
1160 3799 1203 3861 ab
1254 3837 1256 3841 -

165 3931 204 3976 eo
236 3913 340 3975 allata
370 3912 566 3995 comprobat
597 3910 650 3991 (11.
673 3910 692 3972 1.
715 3927 745 3971 1.
775 3929 805 3992 p.
830 3909 856 3984 7,
887 3907 938 3987 99,
962 3905 1047 3990 107).
1091 3905 1205 3990 Atque

164 4075 371 4089 ...-..-—--

272 4143 290 4209 ¹)
316 4139 422 4192 Blatter
433 4141 450 4192 f.
464 4139 489 4192 d.
502 4139 570 4191 bair.
585 4136 809 4204 Gymm-Wesen,
828 4136 867 4187 15.
880 4135 929 4187 Bd.
944 4135 968 4186 8.
985 4133 1025 4201 11,
1044 4149 1068 4201 p.
1081 4132 1132 4184 370
1146 4147 1204 4199 sqq.
