2956 5112
763 395 783 457 8

693 483 847 494 ...νη-

250 573 309 650 (01.
324 571 345 635 1.
361 589 390 634 a.
406 591 437 653 p.
454 570 510 648 74)
534 567 675 652 videtur,
700 565 910 632 conectendis
934 570 967 630 01
990 564 1183 647 copulandis
1205 565 1292 629 inter

252 700 288 744 se
311 681 420 744 exorti
435 679 531 742 nobis
547 677 733 762 videantur,
757 681 792 741 ut
807 676 997 760 negandum
1017 675 1112 739 nobis
1134 677 1175 739 sit
1198 675 1292 758 quid-

252 810 352 874 quam
377 790 503 874 abesse,
533 789 710 871 quominus
741 805 860 870 corpus
891 787 1043 870 omnibus
1067 787 1213 850 numeris
1236 787 1292 849 ab·

253 900 398 964 solutum
429 899 625 982 habeamus,
655 896 690 959 id
714 896 803 979 quod
834 898 968 960 evenire
1000 914 1065 959 uon
1095 899 1236 980 poterat,
1264 895 1293 957 si

251 1028 292 1072 ex
307 1009 374 1072 illis
391 1012 461 1070 tam
476 1007 579 1072 variis
595 1011 731 1090 lamque
748 1007 886 1070 diversis
905 1006 1056 1088 partibus
1073 1024 1174 1086 aegre
1197 1006 1292 1088 quasi

252 1135 421 1182 corrosum
446 1122 540 1179 esset.

354 1225 429 1290 Jarn
453 1242 534 1289 vero
557 1243 689 1290 summa
712 1225 812 1290 totius
843 1214 1003 1289 historiae
1025 1235 1057 1288 et
1080 1225 1293 1308 (100010100-

251 1336 353 1400 menti
375 1339 485 1418 caput,
508 1335 597 1398 unde
612 1333 802 1398 Herodotus
825 1335 1046 1418 proficiscitur
1069 1352 1178 1416 eoque
1203 1333 1293 1397 dein·

251 1464 328 1526 ccps
357 1445 453 1529 redit,
482 1445 581 1508 facile
611 1444 646 1506 in
676 1461 715 1508 eo
748 1444 903 1529 cernitur,
938 1444 1026 1526 quod
1057 1446 1091 1507 in
1121 1445 1292 1526 prooemio

250 1555 323 1637 ipse
355 1553 442 1636 dicit,
472 1571 507 1616 se
531 1552 618 1616 velle
649 1553 838 1616 describere
870 1553 960 1616 bella
991 1572 1078 1636 quae
1109 1553 1230 1616 Graeci
1259 1557 1293 1616 et

252 1662 390 1751 barbari
405 1663 489 1725 inter
504 1681 539 1726 se
556 1663 733 1744 gesserint;
756 1663 809 1724 hic
825 1680 904 1744 ergo
921 1667 978 1746 est,
1000 1668 1038 1726 ut
1058 1680 1117 1726 nos
1140 1663 1291 1746 dicimus,

250 1771 347 1854 quasi
371 1773 516 1854 ireneus,
539 1770 627 1834 uude
644 1775 756 1834 001010
780 1770 894 1835 omnia
915 1776 1086 1854 tamquam
1106 1773 1194 1834 rami
1216 1790 1292 1834 ena-

249 1885 386 1944 scuntur
402 1885 435 1944 et
451 1881 671 1963 frondescunt,
686 1898 752 1963 quo
768 1885 874 1944 totum
887 1898 971 1963 opus
982 1881 1127 1963 simplex
1140 1886 1173 1945 01
1186 1901 1288 1946 unum

251 1990 400 2052 efficitur.
451 1990 652 2054 Rectissime
681 1991 781 2071 igitur
814 1989 895 2053 dicit
929 1989 971 2054 H.
1007 1989 1190 2070 Wcilius'):
1227 1993 1290 2055 Les

251 2099 330 2162 tmis
346 2098 495 2163 derniers
510 2099 614 2162 livres
629 2099 749 2163 000110
767 2105 1024 2164 couronnement
1046 2099 1090 2163 de
1112 2100 1290 2184 l'ouvrage,

251 2211 284 2272 ct
306 2207 371 2271 l’on
393 2226 449 2273 me
471 2206 677 2291 persuadere
700 2207 928 2271 difficilement
951 2210 1047 2293 qu’en
1067 2210 1115 2273 les
1135 2209 1290 2294 derivant,

252 2317 393 2382 l'auteur
410 2317 534 2381 n'avait
548 2337 607 2399 pas
624 2335 743 2381 encore
760 2335 863 2392 conen
878 2319 910 2380 le
926 2319 1003 2399 plan
1027 2318 1069 2382 de
1092 2320 1291 2384 l'ensemble.

251 2425 341 2510 Quid
364 2427 476 2490 enim?
507 2429 581 2508 quis
614 2431 663 2490 est
692 2428 751 2510 qui
774 2428 955 2513 existimet,
977 2427 1186 2492 Herodotum
1210 2446 1289 2508 opus

253 2535 345 2619 quod
367 2555 456 2599 nunc
475 2536 645 2621 habemus,
668 2539 765 2619 quasi
780 2538 972 2619 singulatim
987 2538 1195 2618 singularum
1218 2556 1290 2618 par·

197 2704 199 2710 .
252 2647 338 2710 tium
369 2645 496 2710 ratione
519 2662 584 2710 non
613 2639 737 2710 habita
752 2647 1006 2728 conscripsisse?
1039 2647 1204 2729 Equidem
1228 2649 1290 2712 hoc

253 2775 387 2842 prorsus
418 2759 621 2842 negaverim,
656 2763 769 2822 eontra
798 2759 1018 2820 rectissimum
1049 2759 1130 2820 mihi
1160 2757 1292 2820 videtur

251 2886 334 2952 esse,
357 2866 447 2950 quod
470 2866 513 2932 Η.
530 2867 670 2933 Sicinius
686 2869 719 2930 in
734 2867 940 2949 praelatione
963 2866 1116 2932 editionis
1132 2866 1293 2930 Herodoti

249 2979 284 3040 in
307 2996 404 3040 usum
426 2976 616 3039 scholarum
633 2976 776 3057 scriptae
795 2975 928 3062 iudicat,
950 2976 1140 3057 ingentibus
1162 2976 1197 3038 in
1220 2993 1291 3037 rem

250 3084 436 3148 literarium
454 3084 582 3147 meritis
598 3085 759 3164 insignem
776 3102 845 3148 esse
860 3083 1075 3168 Herodotum,
1092 3082 1181 3165 quod
1198 3083 1292 3146 uber-

250 3195 370 3259 rimam
394 3194 543 3262 maxime
565 3195 736 3256 variarum
764 3212 877 3257 rerum
900 3195 1031 3275 copiam
1055 3192 1188 3256 vinculo
1212 3211 1292 3274 quo·

252 3303 331 3367 dam
354 3303 522 3366 communi
537 3290 788 3384 complectendo
811 3305 844 3366 in
869 3323 973 3364 uuum
996 3319 1114 3383 corpus
1139 3303 1293 3366 omnibus

251 3413 400 3476 numeris
416 3416 448 3475 et
462 3411 614 3496 partibus
630 3412 820 3476 absolutum
836 3413 1086 3494 perfectumque
1108 3411 1293 3494 redegerim

251 3522 341 3606 quod
364 3527 477 3585 autem
500 3521 558 3583 ille
581 3520 701 3584 codem
724 3522 799 3610 loco
819 3520 920 3604 addit,
942 3519 1149 3584 Herodotum
1173 3521 1214 3585 ad
1239 3540 1292 3585 res

152 3661 155 3666 ·
251 3635 360 3714 gestas
390 3630 629 3694 examinandas
659 3635 693 3693 01
723 3629 965 3712 comparandas
995 3631 1080 3693 iuter
1110 3649 1145 3694 se
1172 3649 1290 3712 parum

252 3740 443 3822 diligentiae
465 3739 668 3825 adhibuisse,
697 3742 743 3804 ita
767 3745 803 3803 ut
826 3741 948 3803 multas
979 3758 1043 3804 non
1067 3740 1109 3802 ad
1133 3740 1292 3803 historiae

250 3850 351 3915 fidem
375 3849 551 3934 describat,
573 3850 621 3914 eis
646 3868 733 3933 quae
755 3851 842 3915 10110
865 3850 1013 3914 dicemus
1036 3851 1246 3914 refutabitur.

356 4077 380 4146 ¹)
416 4076 511 4128 ltevue
529 4076 647 4144 critique
667 4077 811 4130 d'histoire
830 4080 857 4129 et
876 4077 910 4128 de
927 4075 1091 4144 litterature,
1110 4075 1186 4128 1878.
