2956 5112
603 455 759 552 L

158 629 218 694 191
248 630 268 693 l.
293 629 324 692 I:
353 627 547 711 ἀπικόμενος
574 626 610 690 δὲ
636 627 687 690 ἐπὶ
713 629 768 709 τὴν
797 623 916 710 λίμνην,
944 624 984 688 τά
1008 647 1068 710 περ
1095 623 1115 708 η
1139 632 1200 690 τῶν

157 735 374 824 Βαβυλωνίων
398 735 543 823 βασίλειοι
567 735 697 821 ἐποίησε
726 735 811 799 κατά
838 757 872 798 τε
894 737 949 799 τὸν
975 737 1120 818 ποταμὸν
1144 734 1200 797 καί

156 849 241 911 κατὰ
271 849 328 930 τὴν
359 845 487 931 λίμνην,
523 845 629 911 ἐποίεε
662 846 717 909 καί
748 845 765 908 ὁ
796 841 903 929 Κῦρος
934 845 1026 930 ἕτεροι
1060 851 1200 922 τοιαῦτα,

154 957 415 1040 ‘spectarehcee
438 960 623 1038 quaesunt
649 959 683 1018 in
710 975 735 1019 o.
763 956 826 1018 185
854 956 875 1018 1.
898 954 929 1016 I:
955 951 1141 1037 κατύπερθε
1165 949 1200 1014 δὲ

156 1061 268 1148 πολλῷ
292 1059 486 1148 Βαβυλῶνος
512 1064 636 1148 ὤρυσσε
665 1065 723 1142 (so.
746 1059 918 1146 Νίτωκρις)
947 1059 1079 1144 ἔλυτρον
1107 1057 1201 1143 λίμνη

160 1172 240 1252 κτλ,
264 1177 354 1237 etin
378 1193 405 1237 c.
427 1173 529 1238 1861.
553 1174 584 1236 I:
609 1171 651 1248 ὡς
675 1171 710 1236 δὲ
732 1170 768 1236 τό
790 1192 825 1235 τε
848 1170 989 1257 ὀρυχθὲν
1010 1168 1103 1254 λίμνη
1123 1167 1203 1253 πλη-

156 1302 212 1367 ρης
236 1281 383 1366 ἐγεγόνεε
405 1281 468 1345 ὑπὸ
490 1289 546 1345 τοῦ
570 1289 716 1366 ποταμοῦ
736 1281 792 1345 καί
813 1283 853 1345 τοι
875 1281 948 1366 περί
970 1283 1028 1364 τὴν
1053 1278 1197 1364 γέφυραν

158 1389 366 1474 ἐκεκοσμητο,
390 1393 443 1454 τὸν
460 1389 630 1475 Εὐφρήτην
649 1393 793 1475 ποταμὸν
818 1391 850 1466 ἐς
871 1393 912 1454 τὰ
935 1390 1057 1476 ἀρχαῖα
1081 1387 1200 1472 ῥέεθρα

157 1500 196 1564 ἐκ
212 1508 268 1585 της
286 1498 396 1584 λίμνης
416 1500 555 1586 ἐξήγαγε
577 1500 648 1564 κτλ.
693 1502 774 1566 Inde
797 1503 901 1584 igitur
924 1519 1128 1584 consequeus
1151 1504 1199 1564 est

157 1615 197 1673 ut
220 1613 332 1695 eapite
354 1611 422 1696 ille,
446 1630 533 1694 quae
555 1612 594 1676 A.
618 1611 765 1675 Βοιιονκε
788 1629 832 1674 ex
854 1610 966 1695 priore
987 1628 1101 1674 rerum
1125 1627 1199 1673 cou-

158 1724 257 1783 textu
281 1720 398 1784 tollere
419 1721 501 1806 vult,
524 1721 657 1784 omniuo
672 1739 737 1785 non
753 1721 842 1784 demi
866 1721 999 1805 possint,
1022 1739 1098 1783 cum
1122 1720 1203 1783 alio·

156 1833 238 1912 quin
251 1831 354 1894 verba
367 1833 482 1916 popitis
497 1831 558 1893 191
573 1831 729 1894 nonsatis
743 1835 832 1894 recte
840 1832 1012 1912 percipere
1025 1847 1203 1911 possemus,

261 1940 291 2002 3.
336 1938 435 2021 Quod
458 1939 649 2002 Herodotus
671 1939 707 2001 iu
729 1937 834 2000 ο.100
856 1938 925 2001 1.ΙΙ
947 1937 1202 2001 commentario·

156 2068 232 2110 rum
259 2067 280 2110 a
310 2048 540 2112 sacerdotibus
571 2048 612 2111 de
642 2049 743 2111 rebus
772 2067 792 2110 e
821 2049 959 2130 regibus
982 2046 1200 2128 Aegyptiacis

157 2159 257 2238 gestis
281 2155 538 2242 compositorum
561 2155 618 2236 (ἐκ
641 2154 767 2242 βίβλου)
791 2157 961 2220 mentione
982 2156 1071 2220 facta
1095 2159 1197 2237 utque

161 2267 309 2351 muliere,
343 2286 430 2350 quae
460 2272 493 2330 et
522 2251 656 2348 ipsa'iu
686 2266 841 2349 Aegypto
872 2269 1081 2351 regnaverat,
1116 2281 1202 2328 com-

160 2382 345 2440 memorate
376 2377 468 2441 addit
499 2378 596 2440 haec:
626 2385 664 2460 τη
696 2374 732 2440 δὲ
760 2376 888 2460 γυναικί
919 2375 1040 2458 οὔνομα
1070 2375 1110 2459 ην
1136 2375 1203 2458 ἥτις
1292 2353 1297 2362 ’

50 2573 54 2580 ¹
159 2481 356 2568 ἐβασίλευσε,
379 2483 508 2568 τόπερ
531 2492 576 2567 τη
593 2481 857 2570 Βαβυλωνίη,
881 2481 1102 2567 Νίτωκρις,
1127 2485 1201 2567 quis

160 2596 208 2654 est
231 2592 288 2675 qui
311 2611 376 2657 non
393 2595 547 2657 continuo
563 2612 623 2674 pro
640 2598 729 2657 certo
750 2593 883 2677 hebeat,
905 2594 974 2656 iem
996 2612 1099 2677 supra
1122 2611 1201 2657 enm

159 2705 348 2767 narravisse
378 2721 430 2766 res
461 2723 481 2766 e
511 2703 641 2768 Nitocri
670 2703 730 2766 illa
759 2703 946 2784 Babylonia
968 2707 1086 2788 gestas,
1108 2722 1202 2786 prae-

159 2813 274 2876 sertim
291 2831 373 2894 cum,
397 2815 458 2876 hoo
480 2815 543 2875 nisi
565 2815 690 2878 fectum
714 2820 798 2878 esset
816 2814 850 2878 in
874 2833 920 2878 cc.
944 2814 1113 2880 185-187
1137 2814 1158 2877 1.
1176 2815 1201 2898 Ι,

160 2937 259 2983 nemo
282 2921 390 3004 sciret,
413 2921 488 3003 quis
511 2926 596 2986 esset
618 2922 741 2985 femine
767 2923 826 2986 ilia
849 2921 1062 3003 Babylonia?

263 3030 292 3096 4.
337 3030 527 3095 Herodotus
557 3032 645 3114 quod
675 3034 709 3094 iu
740 3052 765 3095 c.
795 3034 838 3095 10
864 3034 884 3098 l.
908 3032 958 3096 III
988 3032 1069 3096 dicit
1100 3033 1199 3096 haec:

157 3137 334 3202 ἀποθανὼν
365 3139 400 3204 δὲ
428 3141 484 3203 καί
521 3140 723 3228 ταριχευθεὶς
754 3140 854 3226 ἐτάφη
893 3143 951 3222 (sc.
980 3140 1135 3225 Ἄμασις)
1168 3141 1201 3205 ἐν

156 3255 250 3330 τῇσι
271 3256 424 3332 ταφῇσι
446 3257 538 3332 τῇσι
561 3251 659 3334 ἐντῷ
686 3249 771 3334 ἱρῷ,
799 3253 870 3326 τὰς
893 3251 1016 3326 αὐτὸς
1041 3247 1200 3314 οἰκοδο·

158 3354 334 3440 μήσατο,
369 3359 496 3441 spectet
523 3360 615 3425 haud
649 3361 750 3424 dubie
785 3361 829 3424 ad
860 3380 885 3424 c.
919 3361 981 3422 169
1012 3360 1032 3424 1.
1062 3360 1105 3444 ΙΙ,
1142 3361 1202 3424 ubi

157 3473 410 3532 mouumentum
431 3470 576 3551 sepulcri
604 3472 733 3534 Amasis
762 3469 971 3537 describitur.
1017 3469 1100 3534 Indo
1123 3489 1198 3535 cou-
1259 3547 1261 3552 ,

156 3579 335 3642 cludamus
360 3598 493 3644 necesse
523 3584 582 3664 est,
617 3580 741 3645 librum
771 3580 805 3644 II
837 3582 931 3662 prius
965 3601 1067 3664 quem
1097 3583 1117 3646 l.
1151 3582 1201 3647 III

157 3669 379 3770 couscriptum
407 3707 494 3772 esse3
524 3690 675 3772 alioquin
704 3691 793 3753 euim
824 3693 957 3754 omuino
988 3695 1200 3778 nesciremus,

157 3795 238 3880 qnid
261 3798 346 3860 iilud
365 3781 495 3863 Amasis
515 3801 706 3882 sepulcrum
730 3800 795 3878 (III
814 3801 870 3877 10)
894 3803 987 3866 uobis
1010 3802 1201 3886 intellegen·
1245 3859 1247 3863 .

157 3906 244 3968 dum‘
262 3911 357 3971 esset.

172 4077 176 4086 ,
262 4018 290 4080 5.
335 4018 426 4080 Haec
456 4038 543 4101 quae
573 4017 763 4084 Herodotus
794 4020 828 4082 in
858 4040 884 4085 c.
908 4023 949 4084 36
978 4021 999 4083 l.
1021 4021 1074 4085 HI
1104 4020 1200 4086 Cam·
1258 4047 1259 4051 ¹

155 4125 259 4207 byscn
283 4124 405 4191 Croeso
429 4129 593 4193 dicentem
617 4129 710 4192 fecit:
748 4129 786 4190 σὺ
809 4119 865 4192 καί
888 4129 958 4212 ἐμοί
979 4129 1099 4214 τολμᾷς
1123 4150 1221 4214 συμ-Δ

992 4247 1007 4298 2
