2956 5112
589 435 743 534 „2⁹:⁵-

145 608 238 670 holla
260 608 397 671 Persica
420 605 609 690 diriget-eti.
653 607 715 671 Sed
749 608 850 670 etiam
881 607 964 669 haec
990 607 1184 688 interpreta-

145 718 192 778 tio
215 715 350 779 illorum
373 717 524 780 locorum
547 715 627 779 libri
649 716 665 780 I
687 717 770 778 mihi
790 716 889 778 nimis
905 715 1029 781 callida
1052 723 1085 780 et
1106 717 1185 778 arti·

145 824 260 887 ficiosa
288 825 423 888 videtur
454 843 540 908 esse3
571 831 686 889 contra
716 825 806 909 quod
835 825 917 888 illae
946 825 1103 889 historiae
1128 826 1185 889 As·

144 935 300 1012 syriacae
323 933 413 996 nullo
435 932 509 996 loco
532 919 641 1016 operis
663 932 825 996 Herodoti
849 933 1072 1015 inveniuntur,
1093 933 1186 996 facil-

144 1041 228 1104 lime
240 1046 272 1105 et
284 1042 632 1126 simplicissimenobis
645 1043 802 1124 effingere
812 1059 869 1104 nos
881 1059 976 1126 posse
984 1043 1184 1128 putaverim,

144 1155 173 1214 si
207 1153 372 1236 ponimus,
405 1171 484 1216 eum
518 1170 600 1236 opus
635 1171 732 1215 suum
761 1168 826 1216 non
856 1153 1010 1215 omnibus
1038 1154 1185 1216 numeris

144 1260 339 1324 ahsolutum
351 1261 506 1324 habuisse
517 1251 622 1344 atque
636 1261 870 1344 imperfectum
885 1259 1067 1342 reliquisse.
1089 1259 1186 1323 Idem

144 1373 296 1452 patescet
318 1388 362 1432 ex
385 1388 425 1433 eo
448 1368 538 1453 quod
561 1370 648 1432 infra
671 1375 718 1454 tp.
741 1371 784 1432 44
806 1371 892 1452 sqq.)
915 1369 1051 1432 uberius
1074 1367 1186 1452 dispu-

144 1480 290 1542 tabimus
306 1479 438 1543 deloco
455 1480 513 1562 qui
534 1484 582 1543 est
598 1480 663 1544 VH
679 1480 730 1564 13,
753 1496 821 1563 qno
844 1482 878 1542 et
899 1479 972 1562 ipso
988 1478 1185 1559 Herodotus,

145 1589 235 1670 quod
258 1609 422 1673 nusquam
445 1591 617 1674 praestitit,
641 1589 810 1674 pollicitus
833 1593 891 1654 est.

250 1699 368 1762 Restat
389 1702 426 1761 ut
449 1700 565 1786 paucis
589 1699 751 1782 attingam
774 1718 814 1763 ea
837 1717 933 1783 quae,
957 1699 1015 1782 qui
1037 1697 1186 1762 Herodo-

146 1812 219 1871 tum
249 1807 403 1871 historias
433 1827 510 1871 suas
531 1809 737 1890 ,singulatim
766 1808 1000 1892 conscripsisse
1030 1810 1185 1891 statuunt,

146 1917 337 2000 attulerunt,
371 1922 408 1981 ut
437 1919 633 1982 sententiam
666 1937 762 1998 suam
792 1922 919 1981 rectam
949 1935 1021 1980 esse
1052 1916 1185 1979 demon-

144 2028 298 2088 strarent.
343 2024 454 2108 Atque
476 2025 516 2089 A.
539 2025 663 2090 Bostari
693 2028 974 2107 argumentorum,
1003 2041 1091 2106 quae
1113 2023 1185 2107 plu·

147 2131 234 2194 rime
256 2132 291 2195 in
314 2150 471 2215 perversa
501 2133 662 2197 Herodoti
693 2132 966 2216 interpretatione
996 2133 1106 2214 posita
1127 2136 1185 2193 aut

146 2243 245 2306 nimis
268 2247 387 2349 arguta
409 2247 624 2327 contortaque
646 2248 732 2329 sunt,
759 2245 829 2306 iarn
851 2241 893 2307 H.
922 2241 1053 2306 Weih'us
1082 2240 1117 2323 (l.
1140 2243 1185 2322 a.)

146 2357 180 2416 et
203 2353 242 2417 L.
264 2349 483 2419 Owihliriskics
506 2355 542 2431 (l.
564 2373 593 2416 a.
615 2376 646 2438 p.
670 2355 732 2418 282
756 2355 843 2438 sqq.)
874 2351 1044 2437 permulta
1067 2352 1185 2417 doctis·
1312 2399 1316 2404 -

146 2464 229 2526 sime
251 2464 493 2547 refutaverunt,
514 2463 673 2527 nonnulla
692 2464 795 2526 etiam
818 2465 865 2527 eis
889 2481 977 2546 quae
1000 2481 1102 2546 supra
1123 2463 1185 2526 dis-

148 2574 313 2636 seruimus
344 2573 449 2636 diluta
479 2591 549 2636 esse
579 2577 668 2656 putu.
720 2574 901 2636 Praeterea
930 2573 997 2636 loci
1027 2589 1120 2657 quos,
1150 2576 1186 2635 ut

148 2684 297 2766 aliquam
319 2687 452 2768 partem
476 2683 586 2768 operis
609 2681 771 2747 Herodoti
800 2686 878 2746 ante
900 2682 1004 2745 aliam
1026 2684 1185 2766 composi-

146 2795 217 2854 tam
250 2809 322 2854 esse
356 2792 524 2876 probaret,
559 2793 734 2876 usurpavit
768 2791 807 2854 A.
841 2791 997 2876 Benacus,
1032 2791 1185 2874 plerique

147 2899 308 2986 eiusmodi
331 2903 417 2983 sunt,
438 2904 553 2962 sitnon
570 2899 678 2962 minus
695 2903 785 2962 recte
800 2899 910 2982 ipsam
925 2898 960 2961 in
983 2899 1184 2961 contrariam

146 3012 278 3094 partem
302 3007 499 3074 concludere
520 3010 639 3088 liceat;
670 3009 754 3072 tales
785 3012 898 3072 autem
926 3008 1018 3071 locos
1045 3007 1087 3071 ad
1110 3026 1183 3092 pro-

146 3121 288 3202 positam
318 3119 554 3203 coniecturam,
589 3137 677 3203 quae
710 3119 784 3181 aliis
814 3118 1020 3200 argumentis
1048 3119 1185 3202 probari

144 3246 210 3290 non
233 3231 349 3312 potest,
371 3226 667 3292 demonstrandam
690 3228 850 3291 adhibere
872 3229 1031 3292 abhorret
1050 3246 1071 3290 a
1093 3231 1184 3291 recta

145 3334 327 3399 disserendi
356 3337 414 3397 via
444 3340 476 3398 et
505 3337 643 3400 ratione.
689 3336 766 3399 Jarn
795 3353 874 3400 vero
907 3335 997 3418 quod
1020 3334 1183 3398 molestae

144 3444 388 3528 discrepantiae
419 3449 520 3528 atque
550 3446 741 3508 iterationes
767 3465 879 3510 rerum
902 3445 935 3508 in
959 3442 1121 3508 Herodoti
1144 3444 1182 3506 li-

143 3555 213 3619 bris
227 3555 345 3638 insunt,
366 3554 445 3618 inde
461 3555 593 3619 omnino
609 3573 674 3618 non
691 3557 912 3640 consequitur,
935 3555 1007 3619 eius
1024 3555 1179 3618 historias

144 3671 244 3729 antea
257 3664 405 3748 singulos
420 3665 553 3728 libellos
569 3667 680 3750 fuisse,
700 3684 922 3749 quamquam,
947 3670 981 3729 ut
998 3666 1067 3727 iam
1081 3682 1183 3748 snpra

144 3772 225 3850 dixi,
256 3772 287 3837 C.
312 3771 491 3837 Hochectus
522 3778 555 3837 et
578 3774 617 3838 A.
640 3774 788 3838 Bouerus
814 3779 846 3838 et
868 3774 939 3839 Chr.
962 3774 1098 3838 Roeseus
1119 3773 1183 3836 hoc

145 3885 252 3968 posito
282 3883 377 3946 illam
410 3883 585 3948 scribentis
622 3882 811 3947 socordiam
843 3884 1003 3947 facillime
1036 3883 1183 3963 intellegi

143 4011 240 4078 posse
262 3998 387 4077 putant.
429 3994 520 4059 Nam
548 3991 640 4076 qnod
671 3995 851 4058 nonnullae
881 4012 934 4057 res
965 4011 1084 4077 parurn
1111 3992 1184 4055 dili-

145 4107 260 4185 genter
288 4105 321 4167 et
350 4108 506 4168 accurate
536 4103 679 4187 scriptae
708 4107 793 4188 sunt,
822 4103 1116 4187 simplicissimam,
1148 4105 1184 4164 ut
