2956 5112
591 440 745 536 Q—

143 611 230 673 ficat.
274 608 369 674 Idem
388 607 513 672 iudicat
530 609 568 674 L.
586 578 805 676 &ululatatus
817 609 849 694 ¹),
872 611 930 694 qui
956 611 993 690 (l.
1008 630 1036 676 a.
1059 630 1089 693 p.
1106 612 1185 693 276)

144 717 243 782 dicit:
266 737 335 783 vox
358 737 445 801 quae
469 724 517 783 cst
540 717 637 803 λόγος
653 720 744 802 apud
761 719 967 784 Herodotum
990 721 1093 784 ullam
1118 739 1186 785 csr-

144 833 215 890 tam
237 863 282 874 -
307 827 365 891 vel
388 832 424 892 ut
451 828 608 912 equidem
635 829 751 894 dicere
777 831 902 915 malim,
936 832 1119 914 prinoipem
1144 866 1187 875 -

145 936 418 1029 significationem
442 955 508 1002 non
524 939 643 1019 babet3
665 939 832 1024 significat
851 939 939 1002 enim
962 940 1188 1005 narrationem

146 1047 200 1110 vel
232 1045 426 1111 relationem
458 1048 599 1112 alicuius
629 1049 678 1112 rei
708 1053 821 1131 gestae
852 1048 907 1110 vel
937 1047 1099 1131 libellum,
1130 1049 1188 1132 qui

145 1157 270 1240 positus
289 1161 337 1221 est
355 1157 390 1220 in
406 1158 659 1242 narrationibus,
674 1154 790 1240 λόγοις,
804 1158 947 1222 aliorum
963 1158 1186 1240 quorundam.

250 1267 297 1331 Ut
317 1267 421 1350 igitur
442 1269 561 1350 paucis
580 1268 736 1350 colligam
759 1273 791 1332 et
813 1269 1005 1332 summatim
1028 1273 1187 1354 repetam,

146 1374 238 1459 quod
261 1395 304 1440 ex
329 1377 396 1441 illis
421 1396 541 1460 parum
567 1382 725 1442 accurate
758 1378 900 1442 definitis
934 1377 1032 1463 locis,
1066 1380 1187 1460 quibus

144 1489 301 1552 universe
322 1487 364 1552 ad
387 1508 490 1574 supra
511 1491 579 1552 iam
605 1489 694 1553 dicta
716 1507 926 1574 revocamur,
959 1489 1043 1552 mihi
1069 1494 1185 1574 patere

145 1597 293 1682 videtur,
326 1615 460 1678 prorsus
489 1617 611 1680 negare
645 1599 768 1684 ausim,
803 1599 986 1682 quidquam
1020 1618 1091 1686 esse
1126 1619 1186 1663 cur

106 1757 110 1764 .
144 1704 309 1769 Herodoti
339 1705 501 1790 historias,
532 1707 725 1788 priusquam
760 1710 1019 1770 retractarentur
1051 1712 1083 1771 et
1112 1724 1185 1772 con-

145 1811 374 1897 iungerentur,
403 1814 600 1895 corpuscula
627 1815 714 1877 inter
736 1831 772 1878 se
797 1817 950 1895 separata
973 1815 1075 1878 fuisse
1099 1815 1184 1878 arbi·

146 1929 281 1986 tremur.
325 1921 359 1986 Si
391 1925 477 1986 enim
502 1924 690 1988 huiusmodi
713 1925 812 2008 locos,
842 1928 877 1986 ut
900 1929 965 1986 τῶνι
984 1960 1028 1969 -
1051 1921 1185 2007 ἑτέρωθι

146 2038 204 2094 τοῦ
226 2029 327 2115 λόγου
350 2030 473 2116 μνήμην
493 2032 690 2116 ἐποιησάμην
710 2031 869 2108 πολλάκις
892 2033 958 2112 (VI
977 2035 1042 2118 19),
1064 2034 1186 2117 quibus

148 2144 258 2207 verbis
281 2148 407 2229 spectat
426 2143 616 2208 Herodotus
638 2143 681 2208 ad
705 2161 746 2208 ea
770 2163 856 2227 quae
878 2143 1036 2208 dicuntur
1057 2147 1091 2207 in
1110 2145 1126 2208 Ι
1145 2143 1187 2207 92

150 2257 184 2314 ct
207 2251 277 2338 157,
299 2253 334 2316 II
357 2254 430 2338 159,
454 2255 485 2321 V
508 2256 558 2339 36,
580 2255 635 2318 vel
659 2251 701 2330 ὡς
730 2253 786 2317 uoti
808 2251 962 2336 πρότερόν
994 2273 1046 2336 μοι
1069 2252 1187 2336 εἴρηται

150 2362 214 2440 (IV
240 2362 283 2448 1),
304 2383 391 2446 quac
413 2365 520 2428 verba
542 2365 731 2428 referuntur
757 2364 801 2428 ad
824 2364 840 2426 l
863 2365 927 2427 103
946 2368 978 2428 et
994 2365 1067 2449 106,
1092 2364 1188 2428 alios-

151 2491 218 2556 que
239 2474 361 2539 iudicio
385 2474 615 2558 expendimus,
644 2475 677 2537 ei
698 2475 761 2555 ipsi
784 2492 844 2558 per
866 2493 901 2538 se
930 2475 998 2537 iarn
1022 2478 1094 2537 tum
1117 2485 1189 2538 esse

148 2582 262 2664 scripti
292 2581 455 2668 videntur,
487 2603 566 2647 cum
600 2586 729 2667 partem
766 2583 818 2646 cui
847 2602 935 2646 nune
963 2583 1077 2647 inserti
1106 2587 1189 2665 sunt,

148 2690 294 2771 primum
314 2691 541 2756 conscribebat
559 2691 760 2777 Herodotus,
779 2709 843 2756 non
862 2696 933 2755 tum
949 2691 1094 2774 demum,
1112 2709 1186 2754 cum

149 2817 232 2885 opus
261 2820 359 2864 suum
388 2801 456 2863 iam
488 2803 672 2885 perlectum
703 2802 914 2866 retractabat.
958 2799 1012 2864 Sic
1043 2800 1132 2864 enim
1160 2800 1189 2862 si

149 2929 203 2996 res
225 2929 261 2976 se
282 2911 430 2995 haberet,
457 2910 597 2975 dubium
627 2916 769 2995 nonest,
799 2915 834 2974 ut
864 2912 926 2975 hoc
956 2911 1059 2974 etiarn
1087 2915 1189 2992 atque

150 3022 253 3084 etiam
284 3020 410 3107 dicam,
454 3024 533 3106 quin
573 3024 706 3107 planius
740 3022 994 3103 expressiusque
1035 3019 1187 3083 dicturus

150 3131 258 3194 fuerit.
394 3183 396 3192 ,

253 3240 318 3305 Sed
341 3241 433 3312 alind
457 3260 592 3326 quoque
614 3242 692 3307 inde
710 3240 840 3326 (V119)
860 3243 1035 3326 perspicue
1058 3241 1187 3323 liquere

148 3356 245 3436 puto:
276 3351 366 3433 quod
394 3353 482 3415 enim
505 3370 583 3416 cum
613 3353 671 3416 alii
698 3356 769 3415 tum
794 3352 832 3416 A.
856 3351 1004 3415 Bauerus
1034 3351 1088 3428 (ct.
1117 3349 1137 3412 l.
1160 3368 1188 3413 a.

148 3484 180 3547 p.
201 3460 254 3546 40,
274 3461 329 3544 41,
350 3461 582 3546 58,135,136)
604 3480 649 3525 ex
672 3479 711 3526 eo
735 3461 825 3546 quod
849 3461 990 3525 alicuius
1012 3459 1062 3524 rei
1084 3458 1186 3541 pluri-

148 3573 210 3637 bus
243 3571 325 3636 locis
358 3573 480 3635 mantio
514 3572 617 3653 fieret,
650 3569 884 3635 concluserunt
911 3585 1187 3650 unumquemque

149 3680 269 3746 horum
291 3681 440 3744 locorum
455 3681 585 3744 ratione
606 3679 751 3744 aliorum
766 3697 831 3743 non
855 3676 972 3741 habita
994 3677 1102 3760 ipsum
1126 3693 1185 3756 per

148 3790 369 3874 asscriptum
395 3807 472 3868 enm¹
489 3790 631 3871 cogitari
660 3807 794 3854 necesse
819 3804 899 3871 esse,
930 3787 994 3849 hoc
1016 3785 1096 3869 ipsis
1120 3784 1187 3848 illis

149 3899 311 3964 Herodoti
333 3901 442 3965 verbis
463 3901 603 3964 refutari
626 3918 753 3985 censeo,
783 3917 859 3963 cum
883 3897 997 3961 exeis
1024 3898 1188 3977 appareat

150 4088 355 4102 ——u—

255 4139 274 4208 ¹)
310 4136 442 4193 zeitschr.
466 4139 485 4196 f.
504 4141 600 4192 osterr.
619 4137 798 4207 Gymnasien,
822 4135 862 4190 27.
887 4133 992 4204 Jahrg,
1016 4149 1043 4202 p.
1062 4131 1112 4185 273
1129 4146 1189 4200 sqq.
